%%%% REFERÊNCIAS
%%
%% Conjunto padronizado de elementos descritivos retirados de um documento, que
%% permite sua identificação individual.
%%
%% As referências utilizadas no documento devem ser adicionadas neste arquivo,
%% usando o formato bibTeX (ou bibLaTeX), conforme exemplos apresentados no
%% arquivo references-examples.bib.



