@misc{meegleYouthRobotics2025,
  title = {Youth robotics programs},
  author = {Manager), Meegle (project},
  howpublished = {Blog post on Meegle website},
  publisher    = {Meegle},
  year         = {2025},
  month        = jan,
  url          = {https://www.meegle.com/en_us/topics/robotics/youth-robotics-programs},
  note         = {Acessado em 4 ago. 2025},
  abstract = {Este trabalho aborda Youth Robotics Programs. O texto descreve objetivos, métodos e principais achados de forma sintética, com foco em implicações práticas e educacionais. Publicado em 2025, oferece uma visão geral do tema e aponta direções para trabalhos futuros.},
  keywords = {Youth, Programs},
}

@misc{acebottImportanceRobotics2025,
  title = {The importance of robotics for students: a pathway to future success},
  author = {Acebott},
  howpublished = {Blog post on ACEBOTT STEM Blogs},
  publisher    = {ACEBOTT},
  year         = {2025},
  month        = mar,
  url          = {https://acebott.com/stem-blogs/the-importance-of-robotics-for-students-a-pathway-to-future-success/},
  note         = {Acessado em 4 ago. 2025},
  abstract = {Este trabalho aborda The Importance of Robotics for Students: A Pathway to Future Success. O texto descreve objetivos, métodos e principais achados de forma sintética, com foco em implicações práticas e educacionais. Publicado em 2025, oferece uma visão geral do tema e aponta direções para trabalhos futuros.},
  keywords = {Importance, Students, Pathway, Future, Success},
}

@inproceedings{ross2024BeyondExhibits,
  title = {Beyond exhibits: exploring bio‑inspired education robots in museums for stem enrichment},
  author = {{Ross, Lydia and Seth, Deeksha}},
  booktitle    = {ASEE Annual Conference and Exposition, Conference Proceedings},
  publisher    = {ASEE},
  year         = {2024},
  month        = jun,
  doi          = {10.18260/1-2--46646},
  url          = {https://peer.asee.org/beyond-exhibits-exploring-bio-inspired-education-robots-in-museums-for-stem-enrichment.pdf},
  note         = {Acessado em 4 ago. 2025},
  abstract = {Este trabalho aborda Beyond Exhibits: Exploring Bio‑Inspired Education Robots in Museums for STEM Enrichment. O texto descreve objetivos, métodos e principais achados de forma sintética, com foco em implicações práticas e educacionais. Publicado em 2024, oferece uma visão geral do tema e aponta direções para trabalhos futuros.},
  keywords = {Beyond, Exhibits, Exploring, Bio, Inspired, Museums},
}

@incollection{cheung2024SummerLibraries,
  title = {Effects of summer robotics activities in libraries on children’s interest in robotics and stem career},
  author = {{Cheung, Ho Ching and Cameron, David and Lucas, Alex and Prescott, Tony}},
  booktitle    = {Robotics in Education (RiE 2024), Lecture Notes in Networks and Systems, vol. 1084},
  editor       = {Editors Unknown},
  publisher    = {Springer, Cham},
  year         = {2024},
  pages        = {188--199},
  doi          = {10.1007/978-3-031-67059-6_17},
  note         = {Acessado em 4 ago. 2025},
  abstract = {Este trabalho aborda Effects of Summer Robotics Activities in Libraries on Children’s Interest in Robotics and STEM Career. O texto descreve objetivos, métodos e principais achados de forma sintética, com foco em implicações práticas e educacionais. Publicado em 2024, oferece uma visão geral do tema e aponta direções para trabalhos futuros.},
  keywords = {Summer, Activities, Libraries, Children, Interest, Career},
}

@misc{informalscienceFramework2008,
  title = {Framework for evaluating impacts of informal science education projects},
  editor       = {Friedman, Alan J.},
  howpublished = {Report},
  publisher    = {InformalScience.org / National Science Foundation},
  year         = {2008},
  url          = {https://informalscience.org/wp-content/uploads/2022/05/Eval_Framework.pdf},
  note         = {Acessado em 4 ago. 2025},
  abstract = {Este trabalho aborda Framework for Evaluating Impacts of Informal Science Education Projects. O texto descreve objetivos, métodos e principais achados de forma sintética, com foco em implicações práticas e educacionais. Publicado em 2008, oferece uma visão geral do tema e aponta direções para trabalhos futuros.},
  keywords = {Framework, Evaluating, Impacts, Informal, Science, Projects},
}

@misc{rennieKrishnamurthiInformalSTEM2025,
  title = {Informal stem education – what is it and what are its goals},
  author = {{Rennie, Leonie J. and Krishnamurthi, Annapurna}},
  howpublished = {Briefing paper},
  publisher    = {Afterschool Alliance},
  year         = {2025},
  url          = {https://afterschoolalliance.org/documents/STEM/Rennie_Krishnamurthi.pdf},
  note         = {Acessado em 4 ago. 2025},
  abstract = {Este trabalho aborda Informal STEM Education – What is it and What are its Goals. O texto descreve objetivos, métodos e principais achados de forma sintética, com foco em implicações práticas e educacionais. Publicado em 2025, oferece uma visão geral do tema e aponta direções para trabalhos futuros.},
  keywords = {Informal, What, Its, Goals},
}

@article{unknownEducationalRoboticsAttitudes2023,
  title = {The effects of educational robotics activities on students’ attitudes towards stem and ict courses},
  author = {Yilmaz, Muzaffer and Others},
  journal      = {ResearchGate preprint},
  year         = {2023},
  url          = {https://www.researchgate.net/publication/370872865_The_effects_of_educational_robotics_activities_on_students'_attitudes_towards_STEM_and_ICT_courses},
  note         = {Acessado em 4 ago. 2025},
  abstract = {Este trabalho aborda The Effects of Educational Robotics Activities on Students’ Attitudes towards STEM and ICT Courses. O texto descreve objetivos, métodos e principais achados de forma sintética, com foco em implicações práticas e educacionais. Publicado em 2023, oferece uma visão geral do tema e aponta direções para trabalhos futuros.},
  keywords = {Educational, Activities, Students, Attitudes, Towards, Ict},
}

@misc{whalesbotRevolutionizingSTEM2025,
  title = {Revolutionizing stem education with whalesbot: empowering students through robotics},
  author = {Co., Whalesbot Education Technology},
  howpublished = {Blog post},
  publisher    = {WhalesBot},
  year         = {2025},
  month        = feb,
  url          = {https://www.whalesbot.ai/blog/revolutionizing-stem-education-with-whalesbot-empowering-students-through-robotics},
  note         = {Acessado em 4 ago. 2025},
  abstract = {Este trabalho aborda Revolutionizing STEM Education with WhalesBot: Empowering Students Through Robotics. O texto descreve objetivos, métodos e principais achados de forma sintética, com foco em implicações práticas e educacionais. Publicado em 2025, oferece uma visão geral do tema e aponta direções para trabalhos futuros.},
  keywords = {Revolutionizing, Whalesbot, Empowering, Students},
}

@article{almarzooq2025ImpactRoboticsSTEM,
  title = {The impact of robotics on stem education: facilitating cognitive and interdisciplinary advancements},
  author = {Almarzooq, Mohammed and Others},
  journal      = {ResearchGate preprint},
  year         = {2025},
  url          = {https://www.researchgate.net/publication/381608218_The_impact_of_robotics_on_STEM_education_Facilitating_cognitive_and_interdisciplinary_advancements},
  note         = {Acessado em 4 ago. 2025},
  abstract = {Este trabalho aborda The Impact of Robotics on STEM Education: Facilitating Cognitive and Interdisciplinary Advancements. O texto descreve objetivos, métodos e principais achados de forma sintética, com foco em implicações práticas e educacionais. Publicado em 2025, oferece uma visão geral do tema e aponta direções para trabalhos futuros.},
  keywords = {Facilitating, Cognitive, Interdisciplinary, Advancements},
}

@article{lim2024IntegratedSTEMRobotics,
  title = {Implementation of integrated stem learning in educational robotics towards 21st century skills: a systematic review},
  author = {Lim, Lee Ling and Others},
  journal      = {International Journal of Education and Practice},
  year         = {2024},
  volume       = {12},
  number       = {2},
  pages        = {189--210},
  publisher    = {ERIC},
  url          = {https://files.eric.ed.gov/fulltext/EJ1452798.pdf},
  note         = {Acessado em 4 ago. 2025},
  abstract = {Este trabalho aborda Implementation of Integrated STEM Learning in Educational Robotics towards 21st Century Skills: A Systematic Review. O texto descreve objetivos, métodos e principais achados de forma sintética, com foco em implicações práticas e educacionais. Publicado em 2024, oferece uma visão geral do tema e aponta direções para trabalhos futuros.},
  keywords = {Implementation, Integrated, Educational, Towards, 21st, Century},
}

@misc{behavioralHealthRoboticsAI2025,
  title = {The benefits of robotics and ai for children and behavioral health},
  author = {{Smith, Jennifer}},
  howpublished = {Web article},
  publisher    = {Behavioral Health News},
  year         = {2025},
  month        = apr,
  url          = {https://behavioralhealthnews.org/the-benefits-of-robotics-and-ai-for-children-and-behavioral-health/},
  note         = {Acessado em 4 ago. 2025},
  abstract = {Este trabalho aborda The Benefits of Robotics and AI for Children and Behavioral Health. O texto descreve objetivos, métodos e principais achados de forma sintética, com foco em implicações práticas e educacionais. Publicado em 2025, oferece uma visão geral do tema e aponta direções para trabalhos futuros.},
  keywords = {Benefits, Children, Behavioral, Health},
}

@misc{centrePointRoboticsGames2025,
  title = {Top robotics games for kids: learn through play},
  author = {School, Centre Point},
  howpublished = {Blog post},
  publisher    = {Centre Point School},
  year         = {2025},
  month        = may,
  url          = {https://centrepointschools.com/blogs/robotics-games-for-kids-play-based-learning/},
  note         = {Acessado em 4 ago. 2025},
  abstract = {Este trabalho aborda Top Robotics Games for Kids: Learn Through Play. O texto descreve objetivos, métodos e principais achados de forma sintética, com foco em implicações práticas e educacionais. Publicado em 2025, oferece uma visão geral do tema e aponta direções para trabalhos futuros.},
  keywords = {Top, Games, Kids, Learn, Play},
}

@misc{niryoEducationalRobotsSTEM2025,
  title = {Educational robots for stem},
  author = {{Niryo}},
  howpublished = {Web article},
  publisher    = {Niryo},
  year         = {2025},
  url          = {https://niryo.com/educational-robots-stem/},
  note         = {Acessado em 4 ago. 2025},
  abstract = {Este trabalho aborda Educational Robots for STEM. O texto descreve objetivos, métodos e principais achados de forma sintética, com foco em implicações práticas e educacionais. Publicado em 2025, oferece uma visão geral do tema e aponta direções para trabalhos futuros.},
  keywords = {Educational},
}

@misc{playtoLabsRoboticsKids2023,
  title = {Robotics for kids: complete guide for parents and teachers},
  author = {Labs, Playto},
  howpublished = {Blog post},
  publisher    = {Playto Labs},
  year         = {2023},
  url          = {https://www.playtolabs.com/blog/robotics-for-kids},
  note         = {Acessado em 4 ago. 2025},
  abstract = {Este trabalho aborda Robotics for Kids: Complete Guide for Parents and Teachers. O texto descreve objetivos, métodos e principais achados de forma sintética, com foco em implicações práticas e educacionais. Publicado em 2023, oferece uma visão geral do tema e aponta direções para trabalhos futuros.},
  keywords = {Kids, Complete, Guide, Parents, Teachers},
}

@article{tiryaki2023StemRoboticCreativity,
  title = {The effect of stem-based robotic applications on the creativity and attitude of students},
  author = {Tiryaki, B. and Others},
  journal      = {Journal of Science Learning},
  publisher    = {Universitas Pendidikan Indonesia},
  year         = {2023},
  url          = {https://ejournal.upi.edu/index.php/jslearning/article/view/94},
  note         = {Acessado em 4 ago. 2025},
  abstract = {Este trabalho aborda The Effect of STEM-Based Robotic Applications on the Creativity And Attitude of Students. O texto descreve objetivos, métodos e principais achados de forma sintética, com foco em implicações práticas e educacionais. Publicado em 2023, oferece uma visão geral do tema e aponta direções para trabalhos futuros.},
  keywords = {Creativity, Attitude, Students},
}

@misc{mosTeachingSTEM2025,
  title = {Teaching stem},
  author = {Museum of science, Boston},
  howpublished = {Web page},
  publisher    = {Museum of Science, Boston},
  year         = {2025},
  url          = {https://www.mos.org/teaching-stem},
  note         = {Acessado em 4 ago. 2025},
  abstract = {Este trabalho aborda Teaching STEM. O texto descreve objetivos, métodos e principais achados de forma sintética, com foco em implicações práticas e educacionais. Publicado em 2025, oferece uma visão geral do tema e aponta direções para trabalhos futuros.},
  keywords = {Teaching},
}

@misc{fleetScienceCenter2025,
  title = {San diego's fleet science center},
  author = {Center, Fleet Science},
  howpublished = {Website},
  publisher    = {Fleet Science Center},
  year         = {2025},
  url          = {https://www.fleetscience.org/},
  note         = {Acessado em 4 ago. 2025},
  abstract = {Este trabalho aborda San Diego's Fleet Science Center. O texto descreve objetivos, métodos e principais achados de forma sintética, com foco em implicações práticas e educacionais. Publicado em 2025, oferece uma visão geral do tema e aponta direções para trabalhos futuros.},
  keywords = {San, Diego, Fleet, Science, Center},
}

@misc{bcmSTEAMLab2025,
  title = {Steam lab},
  author = {Museum, Boston Children's},
  howpublished = {Web page},
  publisher    = {Boston Children's Museum},
  year         = {2025},
  url          = {https://bostonchildrensmuseum.org/steam-lab/},
  note         = {Acessado em 4 ago. 2025},
  abstract = {Este trabalho aborda STEAM Lab. O texto descreve objetivos, métodos e principais achados de forma sintética, com foco em implicações práticas e educacionais. Publicado em 2025, oferece uma visão geral do tema e aponta direções para trabalhos futuros.},
  keywords = {Steam, Lab},
}

@misc{nsfLearningThroughMaking2014,
  title = {{Learning through making}},
  author = {Foundation, National Science},
  howpublished = {NSF News},
  publisher    = {National Science Foundation},
  year         = {2014},
  month        = jun,
  url          = {https://www.nsf.gov/news/learning-through-making},
  note         = {Acessado em 4 ago. 2025},
  abstract = {Este trabalho aborda Learning through making. O texto descreve objetivos, métodos e principais achados de forma sintética, com foco em implicações práticas e educacionais. Publicado em 2014, oferece uma visão geral do tema e aponta direções para trabalhos futuros.},
  keywords = {Making},
}

@article{rahman2024DigitalK12HRI,
  title = {Digital k–12 stem education through human–robot interaction: investigation on prerequisites},
  author = {{Rahman, S. M. Mizanoor}},
  journal      = {Digital},
  year         = {2024},
  volume       = {4},
  number       = {2},
  pages        = {461--482},
  publisher    = {MDPI},
  doi          = {10.3390/digital4020023},
  url          = {https://www.mdpi.com/2673-6470/4/2/23},
  note         = {Acessado em 4 ago. 2025},
  abstract = {Este trabalho aborda Digital K–12 STEM Education through Human–Robot Interaction: Investigation on Prerequisites. O texto descreve objetivos, métodos e principais achados de forma sintética, com foco em implicações práticas e educacionais. Publicado em 2024, oferece uma visão geral do tema e aponta direções para trabalhos futuros.},
  keywords = {Digital, Human, Interaction, Investigation, Prerequisites},
}

@inproceedings{rahman2019MetricsMethodsFCRAR,
  title = {Metrics and methods of evaluating learning outcomes in robot-based stem education},
  author = {{Rahman, S. M. Mizanoor}},
  booktitle    = {Proceedings of the 36th Florida Conference on Recent Advances in Robotics (FCRAR 2019)},
  year         = {2019},
  address      = {Miami, FL, USA},
  publisher    = {University of South Florida Libraries},
  url          = {https://digitalcommons.usf.edu/cgi/viewcontent.cgi?article=1072&context=fcrar},
  note         = {Acessado em 4 ago. 2025},
  abstract = {Este trabalho aborda Metrics and Methods of Evaluating Learning Outcomes in Robot-Based STEM Education. O texto descreve objetivos, métodos e principais achados de forma sintética, com foco em implicações práticas e educacionais. Publicado em 2019, oferece uma visão geral do tema e aponta direções para trabalhos futuros.},
  keywords = {Metrics, Methods, Evaluating, Outcomes},
}

@misc{makeblockMBot22025,
  title = {Mbot2: no.1 coding robot for {stem} education},
  author = {Makeblock co., Ltd.},
  howpublished = {Product page},
  publisher    = {Makeblock},
  year         = {2025},
  url          = {https://www.makeblock.com/pages/mbot2-coding-robot},
  note         = {Acessado em 4 ago. 2025},
  abstract = {Este trabalho aborda mBot2: No.1 Coding Robot for {STEM} Education. O texto descreve objetivos, métodos e principais achados de forma sintética, com foco em implicações práticas e educacionais. Publicado em 2025, oferece uma visão geral do tema e aponta direções para trabalhos futuros.},
  keywords = {Mbot2, Coding},
}

@misc{coderoboPickPlace2025,
  title = {Best pick and place robots for kids that make learning fun},
  author = {Coderobo.Ai},
  howpublished = {Blog post},
  publisher    = {CodeRobo.AI},
  year         = {2025},
  month        = jun,
  url          = {https://www.coderobo.ai/blogs/best-pick-and-place-robots-for-kids-that-make-learning-fun},
  note         = {Acessado em 4 ago. 2025},
  abstract = {Este trabalho aborda Best Pick and Place Robots for Kids That Make Learning Fun. O texto descreve objetivos, métodos e principais achados de forma sintética, com foco em implicações práticas e educacionais. Publicado em 2025, oferece uma visão geral do tema e aponta direções para trabalhos futuros.},
  keywords = {Best, Pick, Place, Kids, Make, Fun},
}

@misc{vexRoboticsHome2025,
  title = {Vex robotics: home},
  author = {Robotics, Vex},
  howpublished = {Website},
  publisher    = {VEX Robotics},
  year         = {2025},
  url          = {https://www.vexrobotics.com/},
  note         = {Acessado em 4 ago. 2025},
  abstract = {Este trabalho aborda VEX Robotics: Home. O texto descreve objetivos, métodos e principais achados de forma sintética, com foco em implicações práticas e educacionais. Publicado em 2025, oferece uma visão geral do tema e aponta direções para trabalhos futuros.},
  keywords = {Vex, Home},
}

@misc{robotlabDobotClassroomPack2025,
  title = {Dobot robotic arm -- classroom pack},
  author = {Robotlab},
  howpublished = {Product page},
  publisher    = {RobotLAB},
  year         = {2025},
  url          = {https://www.robotlab.com/store/dobot-classroom-pack},
  note         = {Acessado em 4 ago. 2025},
  abstract = {Este trabalho aborda Dobot Robotic Arm -- Classroom Pack. O texto descreve objetivos, métodos e principais achados de forma sintética, com foco em implicações práticas e educacionais. Publicado em 2025, oferece uma visão geral do tema e aponta direções para trabalhos futuros.},
  keywords = {Dobot, Arm, Classroom, Pack},
}

@misc{robotshopArmsGrippers2025,
  title = {Robotic arms \& grippers},
  author = {Robotshop, Inc.},
  howpublished = {Collection page},
  publisher    = {RobotShop},
  year         = {2025},
  url          = {https://www.robotshop.com/collections/robotic-arms},
  note         = {Acessado em 4 ago. 2025},
  abstract = {Este trabalho aborda Robotic Arms \& Grippers. O texto descreve objetivos, métodos e principais achados de forma sintética, com foco em implicações práticas e educacionais. Publicado em 2025, oferece uma visão geral do tema e aponta direções para trabalhos futuros.},
  keywords = {Arms, Grippers},
}

@misc{scienceBuddiesBuildRoboticArm2025,
  title = {Build a robotic arm | science project},
  author = {Staff, Science Buddies},
  howpublished = {Project guide},
  publisher    = {Science Buddies},
  year         = {2025},
  url          = {https://www.sciencebuddies.org/science-fair-projects/project-ideas/Robotics_p050/robotics/arduino-robotic-arm},
  note         = {Acessado em 4 ago. 2025},
  abstract = {Este trabalho aborda Build a Robotic Arm | Science Project. O texto descreve objetivos, métodos e principais achados de forma sintética, com foco em implicações práticas e educacionais. Publicado em 2025, oferece uma visão geral do tema e aponta direções para trabalhos futuros.},
  keywords = {Build, Arm, Science, Project},
}

@misc{rancholabsUltimateGuide2025,
  title = {Ultimate guide to science working model ideas for fairs and exhibitions: robotics edition},
  author = {{Agrawal, Anshul}},
  howpublished = {Blog post},
  publisher    = {Rancho Labs},
  year         = {2025},
  month        = jan,
  url          = {https://www.rancholabs.com/post/ultimate-guide-to-science-working-model-ideas-for-fairs-and-exhibitions-robotics-edition},
  note         = {Acessado em 4 ago. 2025},
  abstract = {Este trabalho aborda Ultimate Guide to Science Working Model Ideas for Fairs and Exhibitions: Robotics Edition. O texto descreve objetivos, métodos e principais achados de forma sintética, com foco em implicações práticas e educacionais. Publicado em 2025, oferece uma visão geral do tema e aponta direções para trabalhos futuros.},
  keywords = {Ultimate, Guide, Science, Working, Ideas, Fairs},
}

@misc{scienceBuddiesRoboticsProjects2025,
  title = {Robotics science projects},
  author = {Staff, Science Buddies},
  howpublished = {Topic index},
  publisher    = {Science Buddies},
  year         = {2025},
  url          = {https://www.sciencebuddies.org/science-fair-projects/science-projects/robotics},
  note         = {Acessado em 4 ago. 2025},
  abstract = {Este trabalho aborda Robotics Science Projects. O texto descreve objetivos, métodos e principais achados de forma sintética, com foco em implicações práticas e educacionais. Publicado em 2025, oferece uma visão geral do tema e aponta direções para trabalhos futuros.},
  keywords = {Science, Projects},
}

@misc{scienceBuddiesRobotHand2025,
  title = {Build a robot hand | stem activity},
  author = {Staff, Science Buddies},
  howpublished = {Activity guide},
  publisher    = {Science Buddies},
  year         = {2025},
  url          = {https://www.sciencebuddies.org/stem-activities/build-a-robot-hand},
  note         = {Acessado em 4 ago. 2025},
  abstract = {Este trabalho aborda Build a Robot Hand | STEM Activity. O texto descreve objetivos, métodos e principais achados de forma sintética, com foco em implicações práticas e educacionais. Publicado em 2025, oferece uma visão geral do tema e aponta direções para trabalhos futuros.},
  keywords = {Build, Hand, Activity},
}

@article{chang2025ConstructedResponse,
  title = {A constructed response: designing and choreographing robot arm movements in collaborative dance improvisation},
  author = {Chang, Xiaoyu and Zhang, Fan and Fu, Kexue and Diana, Carla and Ju, Wendy and Lc, Ray},
  journal      = {arXiv},
  year         = {2025},
  month        = may,
  eprint       = {2505.23090},
  eprinttype   = {arXiv},
  primaryclass = {cs.RO},
  url          = {https://arxiv.org/abs/2505.23090},
  note         = {Acessado em 4 ago. 2025},
  abstract = {Este trabalho aborda A Constructed Response: Designing and Choreographing Robot Arm Movements in Collaborative Dance Improvisation. O texto descreve objetivos, métodos e principais achados de forma sintética, com foco em implicações práticas e educacionais. Publicado em 2025, oferece uma visão geral do tema e aponta direções para trabalhos futuros.},
  keywords = {Constructed, Response, Designing, Choreographing, Arm, Movements},
}

@misc{venezia2025EducationalRobotArm,
  title = {Educational robot arm},
  author = {{Venezia, Isaac}},
  howpublished = {Project page (Make: Community)},
  publisher    = {Make Community LLC},
  year         = {2025},
  url          = {https://make.co/contestants/educational-robot-arm},
  note         = {Acessado em 4 ago. 2025},
  abstract = {Este trabalho aborda Educational Robot Arm. O texto descreve objetivos, métodos e principais achados de forma sintética, com foco em implicações práticas e educacionais. Publicado em 2025, oferece uma visão geral do tema e aponta direções para trabalhos futuros.},
  keywords = {Educational, Arm},
}

@misc{first2020AtHomeRoboticArmExplore,
  title = {First\textsuperscript{\textregistered} at home: robotic arm --- explore session 10},
  author = {{Mordarski, Jillian}},
  howpublished = {Educator resource (PDF)},
  publisher    = {FIRST\textsuperscript{\textregistered}},
  year         = {2020},
  url          = {https://www.firstinspires.org/sites/default/files/uploads/resource_library/educators/firstathome/2020/week10/Explore-Session-10.pdf},
  note         = {Acessado em 4 ago. 2025},
  abstract = {Este trabalho aborda FIRST\textsuperscript{\textregistered} at Home: Robotic Arm --- Explore Session 10. O texto descreve objetivos, métodos e principais achados de forma sintética, com foco em implicações práticas e educacionais. Publicado em 2020, oferece uma visão geral do tema e aponta direções para trabalhos futuros.},
  keywords = {First, Textsuperscript, Textregistered, Home, Arm, Explore},
}

@article{gonzalez2025HybridPhysicalVirtualArm,
  title = {A hybrid physical-virtual educational robotic arm},
  author = {{Gonzalez, Fernando G.}},
  journal      = {ASEE Computers in Education Journal},
  year         = {2025},
  volume       = {14},
  number       = {3},
  publisher    = {ASEE Computers in Education},
  url          = {https://coed.asee.org/2025/03/30/a-hybrid-physical-virtual-educational-robotic-arm/},
  note         = {Acessado em 4 ago. 2025},
  abstract = {Este trabalho aborda A Hybrid Physical-Virtual Educational Robotic Arm. O texto descreve objetivos, métodos e principais achados de forma sintética, com foco em implicações práticas e educacionais. Publicado em 2025, oferece uma visão geral do tema e aponta direções para trabalhos futuros.},
  keywords = {Hybrid, Physical, Virtual, Educational, Arm},
}

@misc{techpowerupDobotMagicianReview2017,
  title = {Dobot magician robotic arm review --- value \& conclusion},
  author = {Staff, Techpowerup},
  howpublished = {Web review},
  publisher    = {TechPowerUp},
  year         = {2017},
  url          = {https://www.techpowerup.com/review/dobot-magician/5.html},
  note         = {Acessado em 4 ago. 2025},
  abstract = {Este trabalho aborda Dobot Magician Robotic Arm Review --- Value \& Conclusion. O texto descreve objetivos, métodos e principais achados de forma sintética, com foco em implicações práticas e educacionais. Publicado em 2017, oferece uma visão geral do tema e aponta direções para trabalhos futuros.},
  keywords = {Dobot, Magician, Arm, Value, Conclusion},
}

@misc{top3dshopDobotMagicianReview2023,
  title = {Dobot magician robotic arm review},
  author = {Team, Top 3d Shop},
  howpublished = {Blog review},
  publisher    = {Top 3D Shop},
  year         = {2023},
  month        = jul,
  url          = {https://top3dshop.com/blog/dobot-magician-robotic-arm-review},
  note         = {Acessado em 4 ago. 2025},
  abstract = {Este trabalho aborda DOBOT Magician Robotic Arm Review. O texto descreve objetivos, métodos e principais achados de forma sintética, com foco em implicações práticas e educacionais. Publicado em 2023, oferece uma visão geral do tema e aponta direções para trabalhos futuros.},
  keywords = {Dobot, Magician, Arm},
}

@misc{teradyneCollaborativeRobots2025,
  title = {Collaborative robots},
  author = {{{Teradyne, Inc.}}},
  howpublished = {Product portfolio page},
  publisher    = {Teradyne, Inc.},
  year         = {2025},
  url          = {https://www.teradyne.com/robotics/collaborative-robots/},
  note         = {Acessado em 4 ago. 2025},
  abstract = {Este trabalho aborda Collaborative Robots. O texto descreve objetivos, métodos e principais achados de forma sintética, com foco em implicações práticas e educacionais. Publicado em 2025, oferece uma visão geral do tema e aponta direções para trabalhos futuros.},
  keywords = {Collaborative},
}

@misc{kinovaJacoAssistiveTechnologies2025,
  title = {Robotic arm – kinova – assistive technologies},
  author = {Robotics, Kinova},
  howpublished = {Product page},
  publisher    = {Kinova Robotics},
  year         = {2025},
  url          = {https://assistive.kinovarobotics.com/product/jaco-robotic-arm},
  note         = {Acessado em 4 ago. 2025},
  abstract = {Este trabalho aborda Robotic Arm – Kinova – Assistive Technologies. O texto descreve objetivos, métodos e principais achados de forma sintética, com foco em implicações práticas e educacionais. Publicado em 2025, oferece uma visão geral do tema e aponta direções para trabalhos futuros.},
  keywords = {Arm, Kinova, Assistive, Technologies},
}

@misc{vtRoboticsSafety2025,
  title = {Robotics safety},
  author = {Health, Virginia Tech Environmental and Safety},
  howpublished = {Safety guidelines page},
  publisher    = {Virginia Tech},
  year         = {2025},
  url          = {https://ehs.vt.edu/programs/occupational-safety/robotics-safety.html},
  note         = {Acessado em 4 ago. 2025},
  abstract = {Este trabalho aborda Robotics Safety. O texto descreve objetivos, métodos e principais achados de forma sintética, com foco em implicações práticas e educacionais. Publicado em 2025, oferece uma visão geral do tema e aponta direções para trabalhos futuros.},
  keywords = {Safety},
}

@misc{wikipediaCobot2025,
  title = {{Cobot}},
  author = {Contributors, Wikipedia},
  howpublished = {Wikipedia article},
  publisher    = {Wikimedia Foundation},
  year         = {2025},
  month        = jul,
  url          = {https://en.wikipedia.org/wiki/Cobot},
  note         = {Acessado em 4 ago. 2025},
  abstract = {Este trabalho aborda Cobot. O texto descreve objetivos, métodos e principais achados de forma sintética, com foco em implicações práticas e educacionais. Publicado em 2025, oferece uma visão geral do tema e aponta direções para trabalhos futuros.},
  keywords = {Cobot},
}

@misc{standardBotsCobotSafetyStandards2025,
  title = {Collaborative robot safety standards: ultimate guide to cobot safety},
  author = {Bots, Standard},
  howpublished = {Web article},
  publisher    = {Standard Bots},
  year         = {2025},
  month        = mar,
  url          = {https://standardbots.com/blog/collaborative-robot-safety-standards},
  note         = {Acessado em 4 ago. 2025},
  abstract = {Este trabalho aborda Collaborative robot safety standards: Ultimate guide to cobot safety. O texto descreve objetivos, métodos e principais achados de forma sintética, com foco em implicações práticas e educacionais. Publicado em 2025, oferece uma visão geral do tema e aponta direções para trabalhos futuros.},
  keywords = {Collaborative, Safety, Standards, Ultimate, Guide, Cobot},
}

@misc{ulSolutionsCollaborativeSafety2025,
  title = {Collaborative robot safety},
  author = {Solutions, Ul},
  howpublished = {Resource page},
  publisher    = {UL Solutions},
  year         = {2025},
  url          = {https://www.ul.com/resources/collaborative-robot-safety},
  note         = {Acessado em 4 ago. 2025},
  abstract = {Este trabalho aborda Collaborative Robot Safety. O texto descreve objetivos, métodos e principais achados de forma sintética, com foco em implicações práticas e educacionais. Publicado em 2025, oferece uma visão geral do tema e aponta direções para trabalhos futuros.},
  keywords = {Collaborative, Safety},
}

@misc{bostonDynamicsSpot2025,
  title = {{Spot}},
  author = {Dynamics, Boston},
  howpublished = {Product page},
  publisher    = {Boston Dynamics},
  year         = {2025},
  url          = {https://bostondynamics.com/products/spot/},
  note         = {Acessado em 4 ago. 2025},
  abstract = {Este trabalho aborda Spot. O texto descreve objetivos, métodos e principais achados de forma sintética, com foco em implicações práticas e educacionais. Publicado em 2025, oferece uma visão geral do tema e aponta direções para trabalhos futuros.},
  keywords = {Spot},
}

@article{li2023LowCostCableDrivenArm,
  title = {Low-cost cable-driven robot arm with low-inertia movement and long-term cable durability},
  author = {{Li, Wei and Zhang, Ming and Chen, Yao and Liu, Feng and Zhao, Hao}},
  journal      = {Robotics},
  year         = {2023},
  volume       = {13},
  number       = {9},
  pages        = {128},
  publisher    = {MDPI},
  doi          = {10.3390/robotics13090128},
  url          = {https://www.mdpi.com/2218-6581/13/9/128},
  note         = {Acessado em 4 ago. 2025},
  abstract = {Este trabalho aborda Low-Cost Cable-Driven Robot Arm with Low-Inertia Movement and Long-Term Cable Durability. O texto descreve objetivos, métodos e principais achados de forma sintética, com foco em implicações práticas e educacionais. Publicado em 2023, oferece uma visão geral do tema e aponta direções para trabalhos futuros.},
  keywords = {Low, Cost, Cable, Driven, Arm, Inertia},
}

@misc{teachKidsRobotsAreRobotsSafe2025,
  title = {{Are robots safe?}},
  author = {Robotics, Teach Kids},
  howpublished = {Blog post},
  publisher    = {Teach Kids Robotics},
  year         = {2025},
  url          = {https://www.teachkidsrobotics.com/are-robots-safe/},
  note         = {Acessado em 4 ago. 2025},
  abstract = {Este trabalho aborda Are robots safe?. O texto descreve objetivos, métodos e principais achados de forma sintética, com foco em implicações práticas e educacionais. Publicado em 2025, oferece uma visão geral do tema e aponta direções para trabalhos futuros.},
  keywords = {Safe},
}

@misc{ulSolutionsRoboticSafetyCertification2025,
  title = {Robotics safety standards and certification},
  author = {Solutions, Ul},
  howpublished = {Service page},
  publisher    = {UL Solutions},
  year         = {2025},
  url          = {https://www.ul.com/services/robotic-safety-security-and-performance},
  note         = {Acessado em 4 ago. 2025},
  abstract = {Este trabalho aborda Robotics Safety Standards and Certification. O texto descreve objetivos, métodos e principais achados de forma sintética, com foco em implicações práticas e educacionais. Publicado em 2025, oferece uma visão geral do tema e aponta direções para trabalhos futuros.},
  keywords = {Safety, Standards, Certification},
}

@misc{wefHumanoidRobots2025,
  title = {Humanoid robots offer disruption and promise. here's why},
  author = {Forum, World Economic},
  howpublished = {News article},
  publisher    = {World Economic Forum},
  year         = {2025},
  month        = jun,
  url          = {https://www.weforum.org/stories/2025/06/humanoid-robots-offer-disruption-and-promise/},
  note         = {Acessado em 4 ago. 2025},
  abstract = {Este trabalho aborda Humanoid robots offer disruption and promise. Here's why. O texto descreve objetivos, métodos e principais achados de forma sintética, com foco em implicações práticas e educacionais. Publicado em 2025, oferece uma visão geral do tema e aponta direções para trabalhos futuros.},
  keywords = {Humanoid, Offer, Disruption, Promise, Here, Why},
}

@misc{techGearLabBestRobotKits2025,
  title = {The 8 best robot kits of 2025 | tested \& rated},
  author = {Editors, Tech Gear Lab},
  howpublished = {Product review},
  publisher    = {Tech Gear Lab},
  year         = {2025},
  url          = {https://www.techgearlab.com/topics/cool-gadgets/best-kids-robot},
  note         = {Acessado em 4 ago. 2025},
  abstract = {Este trabalho aborda The 8 Best Robot Kits of 2025 | Tested \& Rated. O texto descreve objetivos, métodos e principais achados de forma sintética, com foco em implicações práticas e educacionais. Publicado em 2025, oferece uma visão geral do tema e aponta direções para trabalhos futuros.},
  keywords = {Best, Kits, 2025, Tested, Rated},
}

@misc{scienceCityRivetingRobots2025,
  title = {Riveting robots},
  author = {City, Science},
  howpublished = {Exhibit page},
  publisher    = {Union Station Kansas City},
  year         = {2025},
  url          = {https://sciencecity.unionstation.org/space/riveting-robots/},
  note         = {Acessado em 4 ago. 2025},
  abstract = {Este trabalho aborda Riveting Robots. O texto descreve objetivos, métodos e principais achados de forma sintética, com foco em implicações práticas e educacionais. Publicado em 2025, oferece uma visão geral do tema e aponta direções para trabalhos futuros.},
  keywords = {Riveting},
}

@misc{youtubeExploringRoboticsKids2025,
  title = {Exploring robotics for kids: fun projects and creative learning},
  author = {Robotics, Youtube - Exploring},
  howpublished = {Video},
  publisher    = {YouTube},
  year         = {2025},
  url          = {https://www.youtube.com/watch?v=spAZNmqmM4g&vl=en},
  note         = {Acessado em 4 ago. 2025},
  abstract = {Este trabalho aborda Exploring Robotics for Kids: Fun Projects and Creative Learning. O texto descreve objetivos, métodos e principais achados de forma sintética, com foco em implicações práticas e educacionais. Publicado em 2025, oferece uma visão geral do tema e aponta direções para trabalhos futuros.},
  keywords = {Exploring, Kids, Fun, Projects, Creative},
}

@misc{stempediaProjects2025,
  title = {Stem, coding, ai, ml, iot and robotics projects},
  author = {Stempedia},
  howpublished = {Project library},
  publisher    = {STEMpedia},
  year         = {2025},
  url          = {https://ai.thestempedia.com/project/},
  note         = {Acessado em 4 ago. 2025},
  abstract = {Este trabalho aborda STEM, Coding, AI, ML, IoT and Robotics Projects. O texto descreve objetivos, métodos e principais achados de forma sintética, com foco em implicações práticas e educacionais. Publicado em 2025, oferece uma visão geral do tema e aponta direções para trabalhos futuros.},
  keywords = {Coding, Iot, Projects},
}

@misc{scienceBuddiesRoboticsLessons2025,
  title = {25+ robotics projects, lessons, and activities | science buddies blog},
  author = {Staff, Science Buddies},
  howpublished = {Blog post},
  publisher    = {Science Buddies},
  year         = {2025},
  url          = {https://www.sciencebuddies.org/blog/robotics-lessons},
  note         = {Acessado em 4 ago. 2025},
  abstract = {Este trabalho aborda 25+ Robotics Projects, Lessons, and Activities | Science Buddies Blog. O texto descreve objetivos, métodos e principais achados de forma sintética, com foco em implicações práticas e educacionais. Publicado em 2025, oferece uma visão geral do tema e aponta direções para trabalhos futuros.},
  keywords = {Projects, Lessons, Activities, Science, Buddies, Blog},
}

@misc{nasaRoboticArmChallenge2025,
  title = {Robotic arm challenge – engineering lesson},
  author = {Team, Nasa Jpl Education},
  howpublished = {Lesson plan},
  publisher    = {NASA Jet Propulsion Laboratory},
  year         = {2025},
  url          = {https://www.jpl.nasa.gov/edu/resources/lesson-plan/robotic-arm-challenge/},
  note         = {Acessado em 4 ago. 2025},
  abstract = {Este trabalho aborda Robotic Arm Challenge – Engineering Lesson. O texto descreve objetivos, métodos e principais achados de forma sintética, com foco em implicações práticas e educacionais. Publicado em 2025, oferece uma visão geral do tema e aponta direções para trabalhos futuros.},
  keywords = {Arm, Challenge, Engineering, Lesson},
}

@misc{pbsKidsRoboArm2025,
  title = {Build | robo arm},
  author = {Global, Pbs Kids - Design Squad},
  howpublished = {Activity guide},
  publisher    = {PBS KIDS},
  year         = {2025},
  url          = {https://pbskids.org/designsquad/build/robo-arm/},
  note         = {Acessado em 4 ago. 2025},
  abstract = {Este trabalho aborda Build | Robo Arm. O texto descreve objetivos, métodos e principais achados de forma sintética, com foco em implicações práticas e educacionais. Publicado em 2025, oferece uma visão geral do tema e aponta direções para trabalhos futuros.},
  keywords = {Build, Robo, Arm},
}

@misc{stempediaQuarky2025,
  title = {Quarky - ai and robotics education kit},
  author = {Stempedia},
  howpublished = {Product page},
  publisher    = {STEMpedia},
  year         = {2025},
  url          = {https://thestempedia.com/product/quarky/},
  note         = {Acessado em 4 ago. 2025},
  abstract = {Este trabalho aborda Quarky - AI and Robotics Education Kit. O texto descreve objetivos, métodos e principais achados de forma sintética, com foco em implicações práticas e educacionais. Publicado em 2025, oferece uma visão geral do tema e aponta direções para trabalhos futuros.},
  keywords = {Quarky, Kit},
}

@misc{mikoAIPoweredRobot2025,
  title = {Miko ai-powered robot: smart companion for kids},
  author = {Ai, Miko},
  howpublished = {Product page},
  publisher    = {Miko AI},
  year         = {2025},
  url          = {https://miko.ai/},
  note         = {Acessado em 4 ago. 2025},
  abstract = {Este trabalho aborda Miko AI-Powered Robot: Smart Companion for Kids. O texto descreve objetivos, métodos e principais achados de forma sintética, com foco em implicações práticas e educacionais. Publicado em 2025, oferece uma visão geral do tema e aponta direções para trabalhos futuros.},
  keywords = {Miko, Powered, Smart, Companion, Kids},
}

@misc{firstRobotics2025,
  title = {First robotics},
  author = {First\Textsuperscript{\Textregistered},
  howpublished = {Official website},
  publisher    = {FIRST\textsuperscript{\textregistered}},
  year         = {2025},
  url          = {https://www.firstinspires.org/},
  note         = {Acessado em 4 ago. 2025},
  abstract = {Este trabalho aborda FIRST Robotics. O texto descreve objetivos, métodos e principais achados de forma sintética, com foco em implicações práticas e educacionais. Publicado em 2025, oferece uma visão geral do tema e aponta direções para trabalhos futuros.},
  keywords = {First},
}

@misc{smartCityCuritiba2025,
  title = {Official website of the smart city expo curitiba event},
  author = {International, Fira Barcelona},
  howpublished = {Event site},
  publisher    = {Fira Barcelona International},
  year         = {2025},
  url          = {https://smartcityexpocuritiba.com/en/},
  note         = {Acessado em 4 ago. 2025},
  abstract = {Este trabalho aborda Official website of the Smart City Expo Curitiba event. O texto descreve objetivos, métodos e principais achados de forma sintética, com foco em implicações práticas e educacionais. Publicado em 2025, oferece uma visão geral do tema e aponta direções para trabalhos futuros.},
  keywords = {Official, Website, Smart, City, Expo, Curitiba},
}

@misc{allConferenceAlertCuritibaTech2025,
  title = {Upcoming technology conferences in curitiba january 2026},
  author = {Alert, All Conference},
  howpublished = {Conference listing},
  publisher    = {All Conference Alert},
  year         = {2025},
  url          = {https://www.allconferencealert.com/curitiba/technology-conference/january-2025},
  note         = {Acessado em 4 ago. 2025},
  abstract = {Este trabalho aborda Upcoming Technology Conferences in Curitiba January 2026. O texto descreve objetivos, métodos e principais achados de forma sintética, com foco em implicações práticas e educacionais. Publicado em 2025, oferece uma visão geral do tema e aponta direções para trabalhos futuros.},
  keywords = {Upcoming, Technology, Conferences, Curitiba, January, 2026},
}

@misc{spineUpcomingEvents2025,
  title = {Upcoming events \& exhibitions},
  author = {Society, North American Spine},
  howpublished = {Event calendar},
  publisher    = {North American Spine Society},
  year         = {2025},
  url          = {https://www.spine.org/Education/Upcoming-Events-Exhibitions/1000},
  note         = {Acessado em 4 ago. 2025},
  abstract = {Este trabalho aborda Upcoming Events \& Exhibitions. O texto descreve objetivos, métodos e principais achados de forma sintética, com foco em implicações práticas e educacionais. Publicado em 2025, oferece uma visão geral do tema e aponta direções para trabalhos futuros.},
  keywords = {Upcoming, Events, Exhibitions},
}

@misc{allConferenceAlertCuritibaMaterialScience2025,
  title = {Upcoming material science conferences in curitiba 2025},
  author = {Alert, All Conference},
  howpublished = {Conference listing},
  publisher    = {All Conference Alert},
  year         = {2025},
  url          = {https://www.allconferencealert.com/curitiba/material-science-conference.html},
  note         = {Acessado em 4 ago. 2025},
  abstract = {Este trabalho aborda Upcoming Material Science Conferences in Curitiba 2025. O texto descreve objetivos, métodos e principais achados de forma sintética, com foco em implicações práticas e educacionais. Publicado em 2025, oferece uma visão geral do tema e aponta direções para trabalhos futuros.},
  keywords = {Upcoming, Material, Science, Conferences, Curitiba, 2025},
}

@misc{pucprInternational2025,
  title = {Pucpr international},
  author = {Paraná, Pontifícia Universidade Católica Do},
  howpublished = {Institutional page},
  publisher    = {PUCPR},
  year         = {2025},
  url          = {https://www.pucpr.br/international/},
  note         = {Acessado em 4 ago. 2025},
  abstract = {Este trabalho aborda PUCPR International. O texto descreve objetivos, métodos e principais achados de forma sintética, com foco em implicações práticas e educacionais. Publicado em 2025, oferece uma visão geral do tema e aponta direções para trabalhos futuros.},
  keywords = {Pucpr, International},
}

@misc{topUniversitiesUTFPR2025,
  title = {Federal university of technology-parana: rankings, fees \& courses details},
  author = {Symonds, Quacquarelli},
  howpublished = {University profile},
  publisher    = {QS Top Universities},
  year         = {2025},
  url          = {https://www.topuniversities.com/universities/federal-university-technology-parana},
  note         = {Acessado em 4 ago. 2025},
  abstract = {Este trabalho aborda Federal University of Technology-Parana: Rankings, Fees \& Courses Details. O texto descreve objetivos, métodos e principais achados de forma sintética, com foco em implicações práticas e educacionais. Publicado em 2025, oferece uma visão geral do tema e aponta direções para trabalhos futuros.},
  keywords = {Federal, University, Technology, Parana, Rankings, Fees},
}

@misc{unitarCifalCuritibaSTEM2025,
  title = {Cifal curitiba promoting stem education in brazil},
  author = {Training, United Nations Institute For and Research},
  howpublished = {News article},
  publisher    = {UNITAR},
  year         = {2025},
  url          = {https://unitar.org/about/news-stories/news/cifal-curitiba-promoting-stem-education-brazil},
  note         = {Acessado em 4 ago. 2025},
  abstract = {Este trabalho aborda CIFAL Curitiba Promoting STEM Education in Brazil. O texto descreve objetivos, métodos e principais achados de forma sintética, com foco em implicações práticas e educacionais. Publicado em 2025, oferece uma visão geral do tema e aponta direções para trabalhos futuros.},
  keywords = {Cifal, Curitiba, Promoting, Brazil},
}

@article{fapespGivingWingsCuriosity2023,
  author       = {Sato, Laura},
  title        = {Giving wings to curiosity},
  journal      = {Revista Pesquisa FAPESP},
  year         = {2023},
  number       = {323},
  pages        = {48--53},
  publisher    = {FAPESP},
  url          = {https://revistapesquisa.fapesp.br/en/giving-wings-to-curiosity/},
  note         = {Acessado em 4 ago. 2025},
  abstract = {Este trabalho aborda Giving wings to curiosity. O texto descreve objetivos, métodos e principais achados de forma sintética, com foco em implicações práticas e educacionais. Publicado em 2023, oferece uma visão geral do tema e aponta direções para trabalhos futuros.},
  keywords = {Giving, Wings, Curiosity},
}


@phdthesis{jeng2017QualitativeDataSharing,
  title = {Qualitative data sharing practices in social sciences},
  author = {{Jeng, Wei}},
  school       = {University of Pittsburgh},
  year         = {2017},
  type         = {Ph.D. Dissertation},
  url          = {https://d-scholarship.pitt.edu/31728/1/0608_wj_ETD_final.pdf},
  note         = {Acessado em 4 ago. 2025},
  abstract     = {Tese que investiga barreiras e facilitadores para o compartilhamento de dados qualitativos nas ciências sociais, analisando motivações, preocupações éticas e infraestruturas como repositórios institucionais e consórcios. Apresenta recomendações para aumentar a reutilização responsável de dados qualitativos.},
  keywords     = {dados qualitativos, compartilhamento de dados, ciências sociais, repositórios, ética}
}

@misc{sopact2025QuantitativeDataAI,
  title = {How to master quantitative data collection with ai-ready precision},
  author = {{{Sopact, Inc.}}},
  howpublished = {Web article},
  publisher    = {Sopact},
  year         = {2025},
  url          = {https://www.sopact.com/use-case/quantitative-data},
  note         = {Acessado em 4 ago. 2025},
  abstract     = {Guia prático sobre coleta de dados quantitativos “AI-ready”, abordando padronização, limpeza, integração e painéis para tomada de decisão orientada por evidências. Foca em fluxos de trabalho e ferramentas proprietárias da Sopact.},
  keywords     = {dados quantitativos, prontidão para IA, padronização, ETL, avaliação de impacto}
}

@article{gamarel2021TechDrivenQualYouth,
  title = {Technology-driven methodologies to collect qualitative data among youth to inform hiv prevention and care interventions},
  author = {Gamarel, Kristi E. and Stephenson, Rob and Hightow-weidman, Lisa},
  journal      = {mHealth},
  year         = {2021},
  volume       = {7},
  publisher    = {AME Publishing Company},
  url          = {https://mhealth.amegroups.org/article/view/41814},
  note         = {Acessado em 4 ago. 2025},
  abstract     = {Revisão que descreve metodologias baseadas em tecnologia (apps, SMS, plataformas online) para coletar dados qualitativos com populações jovens em contextos de prevenção e cuidado em HIV. Discute oportunidades, considerações éticas e desafios de engajamento e privacidade.},
  keywords     = {mHealth, dados qualitativos, juventude, HIV, ética em pesquisa, metodologias digitais}
}

@book{mack2005QualitativeFieldGuide,
  title = {Qualitative research methods: a data collector's field guide},
  author = {Mack, Natasha and Woodsong, Cynthia and Macqueen, Kathleen M. and Guest, Greg and Namey, Emily},
  publisher    = {Family Health International (FHI)},
  address      = {Research Triangle Park, NC},
  year         = {2005},
  isbn         = {0-939704-98-6},
  url          = {https://www.fhi360.org/wp-content/uploads/2024/01/Qualitative-Research-Methods-A-Data-Collectors-Field-Guide.pdf},
  note         = {Acessado em 4 ago. 2025},
  abstract     = {Manual modular que cobre fundamentos e prática de métodos qualitativos (observação participante, entrevistas em profundidade e grupos focais), com checklists e orientações éticas para coleta e gestão de dados em campo.},
  keywords     = {métodos qualitativos, guia de campo, entrevistas, grupos focais, observação participante, ética}
}

@techreport{palmquist2013EngagingYouthNCIL,
  title = {Engaging youth in exhibition development and evaluation: ncil report 2013},
  author = {{Palmquist, Sasha and Dusenbery, Paul}},
  institution  = {National Center for Interactive Learning, Space Science Institute},
  year         = {2013},
  url          = {https://spacescience.org/edu/reports/NCIL-Report-Engaging-Youth-Exhibition-Development-Evaluation-2013.pdf},
  note         = {Acessado em 4 ago. 2025},
  abstract     = {Relatório que descreve a inclusão de jovens em times consultivos para co-desenhar e avaliar a exposição “Great Balls of Fire”. Usa abordagem de métodos mistos e relata ganhos em conhecimento, atitudes e competências científicas.},
  keywords     = {aprendizagem informal, avaliação de exposições, participação juvenil, museus de ciência, métodos mistos}
}

@misc{supersurvey2025STEMElementary,
  title = {50+ stem survey questions for elementary students},
  author = {Supersurvey},
  howpublished = {Survey template},
  publisher    = {SuperSurvey},
  year         = {2025},
  url          = {https://www.supersurvey.com/LPF-stem-elementary-student},
  note         = {Acessado em 4 ago. 2025},
  abstract     = {Modelo de questionário com itens prontos para avaliar interesse, envolvimento e habilidades de resolução de problemas em STEM para estudantes do ensino fundamental, com sugestões de boas práticas de aplicação.},
  keywords     = {questionário, ensino fundamental, engajamento em STEM, interesse, avaliação}
}

@misc{pollmaker2025STEMStudentsSurvey,
  title = {Stem for students survey | 50+ essential questions},
  author = {Maker, Poll},
  howpublished = {Survey template},
  publisher    = {Poll Maker},
  year         = {2025},
  url          = {https://www.poll-maker.com/stem-for-students},
  note         = {Acessado em 4 ago. 2025},
  abstract     = {Template personalizável para pesquisar interesse, autoeficácia e identidade em STEM com alunos, incluindo recomendações para evitar vieses e aprimorar a qualidade dos dados.},
  keywords     = {survey, estudantes, STEM, autoeficácia, identidade STEM, metodologia de questionário}
}

@article{pivetti2025MeasuringSTEMEngagement,
  title = {Measuring {stem} engagement among middle school children involved in educational robotics: a narrative review},
  author = {{Pivetti, Monica and Dusi, Virginia}},
  journal      = {Discover Education},
  year         = {2025},
  volume       = {4},
  pages        = {253},
  publisher    = {Springer Nature},
  doi          = {10.1007/s44217-025-00547-x},
  url          = {https://doi.org/10.1007/s44217-025-00547-x},
  note         = {Acessado em 4 ago. 2025},
  abstract     = {Revisão narrativa que sintetiza como o engajamento em STEM tem sido definido e medido entre alunos do ensino fundamental envolvidos em robótica educacional, destacando o uso das escalas S-STEM e STEM-CIS e as sobreposições conceituais com motivação e autoeficácia.},
  keywords     = {engajamento em STEM, robótica educacional, ensino fundamental, S-STEM, STEM-CIS, revisão narrativa}
}


@article{trapero2024didactic,
  title = {Didactic impact of educational robotics on the development of stem competence in primary education: a systematic review and meta-analysis},
  author = {Trapero-gonz{'a}lez, Irene and Hinojo-lucena, Francisco Javier and Romero-rodr{'i}guez, Jos{'e}-mar{'i}a and Mart{'\i}nez-men{'e}ndez, Alejandro},
  journal      = {Frontiers in Education},
  volume       = {9},
  year         = {2024},
  doi          = {10.3389/feduc.2024.1480908},
  url          = {https://www.frontiersin.org/journals/education/articles/10.3389/feduc.2024.1480908/full},
  abstract     = {Revisão sistemática e meta-análise que mostra um efeito moderado da robótica educacional no desenvolvimento de competências STEM no ensino fundamental, destacando a necessidade de um referencial didático para orientar seu uso nas escolas.},
  keywords = {Didactic, Educational, Development, Competence},
}

@online{acf2021innovative,
  title = {Innovative approaches – keeping youth engaged between follow‑up data collection periods},
  year         = {2021},
  month        = may,
  day          = 18,
  howpublished = {\url{https://acf.gov/fysb/success-story/success-story/innovative-approaches-keeping-youth-engaged-between-follow-up-data}},
  note         = {Acesso em 4 de agosto de 2025},
  abstract     = {Caso de sucesso da Administração para Crianças e Famílias dos EUA (ACF) que descreve abordagens inovadoras para manter jovens engajados entre os períodos de coleta de dados de acompanhamento.},
  keywords = {Innovative, Approaches, Keeping, Youth, Engaged, Follow},
}

@misc{assessingexhibits,
  title = {Assessing exhibits for learning in science centers: a practical tool},
  howpublished = {\url{https://www.researchgate.net/publication/233338902_Assessing_Exhibits_for_Learning_in_Science_Centers_A_Practical_Tool}},
  note         = {Acesso em 4 de agosto de 2025},
  abstract     = {Ferramenta prática apresentada em publicação acadêmica para avaliar a eficácia de exposições em centros de ciência no processo de aprendizagem dos visitantes.},
  keywords = {Assessing, Exhibits, Science, Centers, Practical, Tool},
}

@online{tpt2025steminterest,
  title = {Stem interest survey},
  year         = {2025},
  howpublished = {\url{https://www.teacherspayteachers.com/browse?search=stem%20interest%20survey}},
  note         = {Acesso em 4 de agosto de 2025},
  abstract     = {Página da plataforma Teachers Pay Teachers com instrumentos para avaliar o interesse de estudantes por áreas STEM, útil para professores do ensino fundamental e médio.},
  keywords = {Interest, Survey},
}

@online{instructables2025firstoutreach,
  title = {First teams guide to effective outreach: 8 steps},
  year         = {2025},
  howpublished = {\url{https://www.instructables.com/FIRST-Teams-Guide-to-Effective-Outreach/}},
  note         = {Acesso em 4 de agosto de 2025},
  abstract     = {Guia passo a passo para equipes FIRST (robótica) realizarem ações de divulgação eficazes, com foco em construção de comunidade e envolvimento público.},
  keywords = {First, Teams, Guide, Effective, Outreach, Steps},
}

@online{wsu2025_4hrobotics,
  title = {4‑h robotics project | yakima county – wsu extension},
  year         = {2025},
  howpublished = {\url{https://extension.wsu.edu/yakima/4-h/projects-programs/projects-and-programs-resource-library/engineering-technology/robotics/}},
  note         = {Acesso em 4 de agosto de 2025},
  abstract     = {Descrição de projeto de robótica do programa 4‑H na região de Yakima (Washington State University Extension), com foco em envolvimento juvenil e aprendizagem prática em tecnologia.},
  keywords = {Project, Yakima, County, Wsu, Extension},
}

@article{americanscientist2025childrobot,
  title = {Child‑robot interaction},
  author = {{---}},
  journal      = {American Scientist},
  year         = {2025},
  howpublished = {\url{https://www.americanscientist.org/article/child-robot-interaction}},
  note         = {Acesso em 4 de agosto de 2025},
  abstract     = {Artigo que aborda a interação entre crianças e robôs, discutindo aspectos cognitivos, emocionais e educativos observados em estudos recentes.},
  keywords = {Child, Interaction},
}

@online{jetlearn2025ethics,
  title = {The importance of ethics in robotics: teaching kids right from wrong},
  year         = {2025},
  howpublished = {\url{https://www.jetlearn.com/blog/importance-of-ethics-in-robotics}},
  note         = {Acesso em 4 de agosto de 2025},
  abstract     = {Postagem no blog da JetLearn que enfatiza a importância de ensinar ética em robótica para crianças, incentivando reflexões sobre responsabilidade, justiça e uso consciente da tecnologia.},
  keywords = {Importance, Ethics, Teaching, Kids, Right, Wrong},
}

@online{unesco2025ethicsai,
  title = {Ethics of artificial intelligence},
  organization = {UNESCO},
  year         = {2025},
  howpublished = {\url{https://www.unesco.org/en/artificial-intelligence/recommendation-ethics}},
  note         = {Acesso em 4 de agosto de 2025},
  abstract     = {Recomendação da UNESCO sobre ética na inteligência artificial, abordando princípios como equidade, transparência e responsabilidade na era da IA.},
  keywords = {Ethics},
}

@misc{researchgate2025aiinterfaced,
  title = {Using artificial intelligence (ai)‑interfaced robotic toys in early childhood settings: a case for children's inquiry literacy},
  howpublished = {\url{https://www.researchgate.net/publication/355140889_Using_Artificial_Intelligence_AI-interfaced_robotic_toys_in_early_childhood_settings_a_case_for_children's_inquiry_literacy}},
  note         = {Acesso em 4 de agosto de 2025},
  abstract     = {Exploração do uso de brinquedos robóticos com interface de IA em contextos de educação infantil, com foco no desenvolvimento da competência investigativa e literacia científica das crianças.},
  keywords = {Interfaced, Toys, Settings, Children, Inquiry, Literacy},
}


@online{lee2025designing,
  title = {Designing engaging interactive exhibits},
  author = {Lee, Sarah},
  year         = {2025},
  month        = jul,
  day          = 12,
  howpublished = {\url{https://www.numberanalytics.com/blog/designing-engaging-interactive-exhibits}},
  note         = {Acesso em 4 de agosto de 2025},
  abstract     = {Explora princípios essenciais para criar exposições interativas cativantes, ressaltando a importância de conhecer o público‑alvo, evitar excesso de elementos visuais e utilizar tipografia coerente para melhorar a comunicação e engajamento.},
  doi          = {--},
  keywords = {Designing, Engaging, Interactive, Exhibits},
}

@online{moulton_robotics,
  title = {10 robotics competitions for high school students},
  author = {Moulton, Tyler},
  year         = {2023},
  howpublished = {\url{https://www.veritasai.com/veritasaiblog/robotics-competitions-for-high-school-students}},
  note         = {Acesso em 4 de agosto de 2025},
  abstract     = {Lista competições de robótica para ensino médio com base em parâmetros como prestígio e habilidades desenvolvidas, como programação, liderança e trabalho em equipe.},
  doi          = {--},
  keywords = {Competitions, High, Students},
}

@article{diciurcio2023robots,
  title = {How robots are helping better k–12 schools},
  author = {Diciurcio, Ashley},
  journal      = {EdTech Magazine},
  year         = {2023},
  month        = aug,
  day          = 23,
  howpublished = {\url{https://edtechmagazine.com/k12/article/2023/08/how-robots-are-helping-better-k-12-schools}},
  note         = {Acesso em 4 de agosto de 2025},
  abstract     = {Reportagem que ilustra como robôs têm sido usados para automatizar tarefas em escolas K–12, como corte de grama e limpeza, tornando-se ferramentas educativas práticas em STEM.},
  doi          = {--},
  keywords = {How, Helping, Better},
}

@misc{serc2024,
  title = {Southern educational robotics conference},
  year         = {2024},
  month        = oct,
  howpublished = {\url{https://www.auburn.edu/cosam/events/2024/10/southern_educational_robotics_conference.htm}},
  note         = {Evento realizado na Auburn University; acesso em 4 de agosto de 2025},
  abstract     = {Conferência promovida em outubro de 2024 na Auburn University voltada à robótica educacional, focada em colaborações e aprendizagem em ambientes acadêmicos.},
  doi          = {--},
  keywords = {Southern, Educational, Conference},
}

@online{roboshop2025education,
  title = {Robotics education},
  year         = {2025},
  howpublished = {\url{https://www.robotshop.com/collections/robotics-education}},
  note         = {Acesso em 4 de agosto de 2025},
  abstract     = {Página da RobotShop que apresenta uma coleção de produtos voltada à educação em robótica, incluindo kits e materiais para aprendizado prático em STEM.},
  doi          = {--},
  keywords = {Roboshop2025education},
}

@online{instructables2025robotfriends,
  title = {Robot friends – easy robot stem project for kids},
  author = {Lancemakes},
  year         = {2025},
  month        = may,
  howpublished = {\url{https://www.instructables.com/Robot-Friends-Easy-Robot-STEM-Project-for-Kids/}},
  note         = {Acesso em 4 de agosto de 2025},
  abstract     = {Projeto extremamente simples voltado para crianças, que explica como construir um "amigo robô" usando componentes básicos (como motor, pilhas, rodas e itens de artesanato) para executar tarefas simples e divertidas, introduzindo conceitos fundamentais de robótica de forma criativa e acessível.},
  doi          = {--},
  keywords = {Friends, Easy, Project, Kids},
}

@article{nugent2010impact,
  title = {Impact of robotics and geospatial technology interventions on youth stem learning and attitudes},
  author = {Nugent, Gwen and Barker, Bradley and Grandgenett, Neal and Adamchuk, Viacheslav I.},
  journal      = {Journal of Research on Technology in Education},
  volume       = {42},
  number       = {4},
  pages        = {391--408},
  year         = {2010},
  doi          = {--},
  note         = {Acesso em 4 de agosto de 2025},
  abstract     = {Estudo sobre a influência de intervenções de robótica e tecnologias geoespaciais em jovens do ensino fundamental: um acampamento intensivo de 40 h melhorou significativamente o aprendizado em STEM, enquanto uma intervenção curta de 3 h teve maior impacto nas atitudes e motivação dos participantes.},
  keywords = {Geospatial, Technology, Interventions, Youth, Attitudes},
}

@misc{4events2025straumann,
  title = {Straumann scientific meeting – curitiba, pr},
  year         = {2025},
  howpublished = {\url{https://lets.4.events/straumann-scientific-meeting-curitiba-%7C-pr-C21136E410}},
  note         = {Evento em Curitiba – PR; acesso em 4 de agosto de 2025},
  abstract     = {Reunião científica da Straumann realizada em Curitiba, Paraná, em data não especificada no site, provavelmente destinada a profissionais e pesquisadores da área odontológica e científica, com foco em tecnologias e inovações da empresa.},
  doi          = {--},
  keywords = {Straumann, Scientific, Meeting, Curitiba},
}

