@misc{meegleYouthRobotics2025,
  author       = {{Meegle (Project Manager)}},
  title        = {Youth Robotics Programs},
  howpublished = {Blog post on Meegle website},
  publisher    = {Meegle},
  year         = {2025},
  month        = jan,
  url          = {https://www.meegle.com/en_us/topics/robotics/youth-robotics-programs},
  note         = {Acessado em 4 ago. 2025},
}

@misc{acebottImportanceRobotics2025,
  author       = {{ACEBOTT}},
  title        = {The Importance of Robotics for Students: A Pathway to Future Success},
  howpublished = {Blog post on ACEBOTT STEM Blogs},
  publisher    = {ACEBOTT},
  year         = {2025},
  month        = mar,
  url          = {https://acebott.com/stem-blogs/the-importance-of-robotics-for-students-a-pathway-to-future-success/},
  note         = {Acessado em 4 ago. 2025},
}

@inproceedings{ross2024BeyondExhibits,
  author       = {Ross, Lydia and Seth, Deeksha},
  title        = {Beyond Exhibits: Exploring Bio‑Inspired Education Robots in Museums for STEM Enrichment},
  booktitle    = {ASEE Annual Conference and Exposition, Conference Proceedings},
  publisher    = {ASEE},
  year         = {2024},
  month        = jun,
  doi          = {10.18260/1-2--46646},
  url          = {https://peer.asee.org/beyond-exhibits-exploring-bio-inspired-education-robots-in-museums-for-stem-enrichment.pdf},
  note         = {Acessado em 4 ago. 2025},
}

@incollection{cheung2024SummerLibraries,
  author       = {Cheung, Ho Ching and Cameron, David and Lucas, Alex and Prescott, Tony},
  title        = {Effects of Summer Robotics Activities in Libraries on Children’s Interest in Robotics and STEM Career},
  booktitle    = {Robotics in Education (RiE 2024), Lecture Notes in Networks and Systems, vol. 1084},
  editor       = {Editors Unknown},
  publisher    = {Springer, Cham},
  year         = {2024},
  pages        = {188--199},
  doi          = {10.1007/978-3-031-67059-6_17},
  note         = {Acessado em 4 ago. 2025},
}

@misc{informalscienceFramework2008,
  editor       = {Friedman, Alan J.},
  title        = {Framework for Evaluating Impacts of Informal Science Education Projects},
  howpublished = {Report},
  publisher    = {InformalScience.org / National Science Foundation},
  year         = {2008},
  url          = {https://informalscience.org/wp-content/uploads/2022/05/Eval_Framework.pdf},
  note         = {Acessado em 4 ago. 2025},
}

@misc{rennieKrishnamurthiInformalSTEM2025,
  author       = {Rennie, Leonie J. and Krishnamurthi, Annapurna},
  title        = {Informal STEM Education – What is it and What are its Goals},
  howpublished = {Briefing paper},
  publisher    = {Afterschool Alliance},
  year         = {2025},
  url          = {https://afterschoolalliance.org/documents/STEM/Rennie_Krishnamurthi.pdf},
  note         = {Acessado em 4 ago. 2025},
}

@article{unknownEducationalRoboticsAttitudes2023,
  author       = {Yilmaz, Muzaffer and others},
  title        = {The Effects of Educational Robotics Activities on Students’ Attitudes towards STEM and ICT Courses},
  journal      = {ResearchGate preprint},
  year         = {2023},
  url          = {https://www.researchgate.net/publication/370872865_The_effects_of_educational_robotics_activities_on_students'_attitudes_towards_STEM_and_ICT_courses},
  note         = {Acessado em 4 ago. 2025},
}

@misc{whalesbotRevolutionizingSTEM2025,
  author       = {{WhalesBot Education Technology Co.}},
  title        = {Revolutionizing STEM Education with WhalesBot: Empowering Students Through Robotics},
  howpublished = {Blog post},
  publisher    = {WhalesBot},
  year         = {2025},
  month        = feb,
  url          = {https://www.whalesbot.ai/blog/revolutionizing-stem-education-with-whalesbot-empowering-students-through-robotics},
  note         = {Acessado em 4 ago. 2025},
}

@article{almarzooq2025ImpactRoboticsSTEM,
  author       = {Almarzooq, Mohammed and others},
  title        = {The Impact of Robotics on STEM Education: Facilitating Cognitive and Interdisciplinary Advancements},
  journal      = {ResearchGate preprint},
  year         = {2025},
  url          = {https://www.researchgate.net/publication/381608218_The_impact_of_robotics_on_STEM_education_Facilitating_cognitive_and_interdisciplinary_advancements},
  note         = {Acessado em 4 ago. 2025},
}

@article{lim2024IntegratedSTEMRobotics,
  author       = {Lim, Lee Ling and others},
  title        = {Implementation of Integrated STEM Learning in Educational Robotics towards 21st Century Skills: A Systematic Review},
  journal      = {International Journal of Education and Practice},
  year         = {2024},
  volume       = {12},
  number       = {2},
  pages        = {189--210},
  publisher    = {ERIC},
  url          = {https://files.eric.ed.gov/fulltext/EJ1452798.pdf},
  note         = {Acessado em 4 ago. 2025},
}

@misc{behavioralHealthRoboticsAI2025,
  author       = {Smith, Jennifer},
  title        = {The Benefits of Robotics and AI for Children and Behavioral Health},
  howpublished = {Web article},
  publisher    = {Behavioral Health News},
  year         = {2025},
  month        = apr,
  url          = {https://behavioralhealthnews.org/the-benefits-of-robotics-and-ai-for-children-and-behavioral-health/},
  note         = {Acessado em 4 ago. 2025},
}

@misc{centrePointRoboticsGames2025,
  author       = {Centre Point School},
  title        = {Top Robotics Games for Kids: Learn Through Play},
  howpublished = {Blog post},
  publisher    = {Centre Point School},
  year         = {2025},
  month        = may,
  url          = {https://centrepointschools.com/blogs/robotics-games-for-kids-play-based-learning/},
  note         = {Acessado em 4 ago. 2025},
}

@misc{niryoEducationalRobotsSTEM2025,
  author       = {Niryo},
  title        = {Educational Robots for STEM},
  howpublished = {Web article},
  publisher    = {Niryo},
  year         = {2025},
  url          = {https://niryo.com/educational-robots-stem/},
  note         = {Acessado em 4 ago. 2025},
}

@misc{playtoLabsRoboticsKids2023,
  author       = {Playto Labs},
  title        = {Robotics for Kids: Complete Guide for Parents and Teachers},
  howpublished = {Blog post},
  publisher    = {Playto Labs},
  year         = {2023},
  url          = {https://www.playtolabs.com/blog/robotics-for-kids},
  note         = {Acessado em 4 ago. 2025},
}

@article{tiryaki2023StemRoboticCreativity,
  author       = {Tiryaki, B. and others},
  title        = {The Effect of STEM-Based Robotic Applications on the Creativity And Attitude of Students},
  journal      = {Journal of Science Learning},
  publisher    = {Universitas Pendidikan Indonesia},
  year         = {2023},
  url          = {https://ejournal.upi.edu/index.php/jslearning/article/view/94},
  note         = {Acessado em 4 ago. 2025},
}

@misc{mosTeachingSTEM2025,
  author       = {{Museum of Science, Boston}},
  title        = {Teaching STEM},
  howpublished = {Web page},
  publisher    = {Museum of Science, Boston},
  year         = {2025},
  url          = {https://www.mos.org/teaching-stem},
  note         = {Acessado em 4 ago. 2025}
}

@misc{fleetScienceCenter2025,
  author       = {{Fleet Science Center}},
  title        = {San Diego's Fleet Science Center},
  howpublished = {Website},
  publisher    = {Fleet Science Center},
  year         = {2025},
  url          = {https://www.fleetscience.org/},
  note         = {Acessado em 4 ago. 2025}
}

@misc{bcmSTEAMLab2025,
  author       = {{Boston Children's Museum}},
  title        = {STEAM Lab},
  howpublished = {Web page},
  publisher    = {Boston Children's Museum},
  year         = {2025},
  url          = {https://bostonchildrensmuseum.org/steam-lab/},
  note         = {Acessado em 4 ago. 2025}
}

@misc{nsfLearningThroughMaking2014,
  author       = {{National Science Foundation}},
  title        = {Learning through making},
  howpublished = {NSF News},
  publisher    = {National Science Foundation},
  year         = {2014},
  month        = jun,
  url          = {https://www.nsf.gov/news/learning-through-making},
  note         = {Acessado em 4 ago. 2025}
}

@article{rahman2024DigitalK12HRI,
  author       = {Rahman, S. M. Mizanoor},
  title        = {Digital K–12 STEM Education through Human–Robot Interaction: Investigation on Prerequisites},
  journal      = {Digital},
  year         = {2024},
  volume       = {4},
  number       = {2},
  pages        = {461--482},
  publisher    = {MDPI},
  doi          = {10.3390/digital4020023},
  url          = {https://www.mdpi.com/2673-6470/4/2/23},
  note         = {Acessado em 4 ago. 2025}
}

@inproceedings{rahman2019MetricsMethodsFCRAR,
  author       = {Rahman, S. M. Mizanoor},
  title        = {Metrics and Methods of Evaluating Learning Outcomes in Robot-Based STEM Education},
  booktitle    = {Proceedings of the 36th Florida Conference on Recent Advances in Robotics (FCRAR 2019)},
  year         = {2019},
  address      = {Miami, FL, USA},
  publisher    = {University of South Florida Libraries},
  url          = {https://digitalcommons.usf.edu/cgi/viewcontent.cgi?article=1072&context=fcrar},
  note         = {Acessado em 4 ago. 2025}
}

@misc{makeblockMBot22025,
  author       = {{Makeblock Co., Ltd.}},
  title        = {mBot2: No.1 Coding Robot for {STEM} Education},
  howpublished = {Product page},
  publisher    = {Makeblock},
  year         = {2025},
  url          = {https://www.makeblock.com/pages/mbot2-coding-robot},
  note         = {Acessado em 4 ago. 2025}
}

@misc{coderoboPickPlace2025,
  author       = {{CodeRobo.AI}},
  title        = {Best Pick and Place Robots for Kids That Make Learning Fun},
  howpublished = {Blog post},
  publisher    = {CodeRobo.AI},
  year         = {2025},
  month        = jun,
  url          = {https://www.coderobo.ai/blogs/best-pick-and-place-robots-for-kids-that-make-learning-fun},
  note         = {Acessado em 4 ago. 2025}
}

@misc{vexRoboticsHome2025,
  author       = {{VEX Robotics}},
  title        = {VEX Robotics: Home},
  howpublished = {Website},
  publisher    = {VEX Robotics},
  year         = {2025},
  url          = {https://www.vexrobotics.com/},
  note         = {Acessado em 4 ago. 2025}
}

@misc{robotlabDobotClassroomPack2025,
  author       = {{RobotLAB}},
  title        = {Dobot Robotic Arm -- Classroom Pack},
  howpublished = {Product page},
  publisher    = {RobotLAB},
  year         = {2025},
  url          = {https://www.robotlab.com/store/dobot-classroom-pack},
  note         = {Acessado em 4 ago. 2025}
}

@misc{robotshopArmsGrippers2025,
  author       = {{RobotShop, Inc.}},
  title        = {Robotic Arms \& Grippers},
  howpublished = {Collection page},
  publisher    = {RobotShop},
  year         = {2025},
  url          = {https://www.robotshop.com/collections/robotic-arms},
  note         = {Acessado em 4 ago. 2025}
}

@misc{scienceBuddiesBuildRoboticArm2025,
  author       = {{Science Buddies Staff}},
  title        = {Build a Robotic Arm | Science Project},
  howpublished = {Project guide},
  publisher    = {Science Buddies},
  year         = {2025},
  url          = {https://www.sciencebuddies.org/science-fair-projects/project-ideas/Robotics_p050/robotics/arduino-robotic-arm},
  note         = {Acessado em 4 ago. 2025}
}

@misc{rancholabsUltimateGuide2025,
  author       = {Agrawal, Anshul},
  title        = {Ultimate Guide to Science Working Model Ideas for Fairs and Exhibitions: Robotics Edition},
  howpublished = {Blog post},
  publisher    = {Rancho Labs},
  year         = {2025},
  month        = jan,
  url          = {https://www.rancholabs.com/post/ultimate-guide-to-science-working-model-ideas-for-fairs-and-exhibitions-robotics-edition},
  note         = {Acessado em 4 ago. 2025}
}

@misc{scienceBuddiesRoboticsProjects2025,
  author       = {{Science Buddies Staff}},
  title        = {Robotics Science Projects},
  howpublished = {Topic index},
  publisher    = {Science Buddies},
  year         = {2025},
  url          = {https://www.sciencebuddies.org/science-fair-projects/science-projects/robotics},
  note         = {Acessado em 4 ago. 2025}
}

@misc{scienceBuddiesRobotHand2025,
  author       = {{Science Buddies Staff}},
  title        = {Build a Robot Hand | STEM Activity},
  howpublished = {Activity guide},
  publisher    = {Science Buddies},
  year         = {2025},
  url          = {https://www.sciencebuddies.org/stem-activities/build-a-robot-hand},
  note         = {Acessado em 4 ago. 2025}
}

@article{chang2025ConstructedResponse,
  author       = {Chang, Xiaoyu and Zhang, Fan and Fu, Kexue and Diana, Carla and Ju, Wendy and LC, Ray},
  title        = {A Constructed Response: Designing and Choreographing Robot Arm Movements in Collaborative Dance Improvisation},
  journal      = {arXiv},
  year         = {2025},
  month        = may,
  eprint       = {2505.23090},
  eprinttype   = {arXiv},
  primaryclass = {cs.RO},
  url          = {https://arxiv.org/abs/2505.23090},
  note         = {Acessado em 4 ago. 2025}
}

@misc{venezia2025EducationalRobotArm,
  author       = {Venezia, Isaac},
  title        = {Educational Robot Arm},
  howpublished = {Project page (Make: Community)},
  publisher    = {Make Community LLC},
  year         = {2025},
  url          = {https://make.co/contestants/educational-robot-arm},
  note         = {Acessado em 4 ago. 2025}
}

@misc{first2020AtHomeRoboticArmExplore,
  author       = {Mordarski, Jillian},
  title        = {FIRST\textsuperscript{\textregistered} at Home: Robotic Arm --- Explore Session 10},
  howpublished = {Educator resource (PDF)},
  publisher    = {FIRST\textsuperscript{\textregistered}},
  year         = {2020},
  url          = {https://www.firstinspires.org/sites/default/files/uploads/resource_library/educators/firstathome/2020/week10/Explore-Session-10.pdf},
  note         = {Acessado em 4 ago. 2025}
}

@article{gonzalez2025HybridPhysicalVirtualArm,
  author       = {Gonzalez, Fernando G.},
  title        = {A Hybrid Physical-Virtual Educational Robotic Arm},
  journal      = {ASEE Computers in Education Journal},
  year         = {2025},
  volume       = {14},
  number       = {3},
  publisher    = {ASEE Computers in Education},
  url          = {https://coed.asee.org/2025/03/30/a-hybrid-physical-virtual-educational-robotic-arm/},
  note         = {Acessado em 4 ago. 2025}
}

@misc{techpowerupDobotMagicianReview2017,
  author       = {{TechPowerUp Staff}},
  title        = {Dobot Magician Robotic Arm Review --- Value \& Conclusion},
  howpublished = {Web review},
  publisher    = {TechPowerUp},
  year         = {2017},
  url          = {https://www.techpowerup.com/review/dobot-magician/5.html},
  note         = {Acessado em 4 ago. 2025}
}

@misc{top3dshopDobotMagicianReview2023,
  author       = {{Top 3D Shop Team}},
  title        = {DOBOT Magician Robotic Arm Review},
  howpublished = {Blog review},
  publisher    = {Top 3D Shop},
  year         = {2023},
  month        = jul,
  url          = {https://top3dshop.com/blog/dobot-magician-robotic-arm-review},
  note         = {Acessado em 4 ago. 2025}
}

@misc{teradyneCollaborativeRobots2025,
  author       = {{Teradyne, Inc.}},
  title        = {Collaborative Robots},
  howpublished = {Product portfolio page},
  publisher    = {Teradyne, Inc.},
  year         = {2025},
  url          = {https://www.teradyne.com/robotics/collaborative-robots/},
  note         = {Acessado em 4 ago. 2025}
}

@misc{kinovaJacoAssistiveTechnologies2025,
  author       = {{Kinova Robotics}},
  title        = {Robotic Arm – Kinova – Assistive Technologies},
  howpublished = {Product page},
  publisher    = {Kinova Robotics},
  year         = {2025},
  url          = {https://assistive.kinovarobotics.com/product/jaco-robotic-arm},
  note         = {Acessado em 4 ago. 2025}
}

@misc{vtRoboticsSafety2025,
  author       = {{Virginia Tech Environmental Health and Safety}},
  title        = {Robotics Safety},
  howpublished = {Safety guidelines page},
  publisher    = {Virginia Tech},
  year         = {2025},
  url          = {https://ehs.vt.edu/programs/occupational-safety/robotics-safety.html},
  note         = {Acessado em 4 ago. 2025}
}

@misc{wikipediaCobot2025,
  author       = {{Wikipedia contributors}},
  title        = {Cobot},
  howpublished = {Wikipedia article},
  publisher    = {Wikimedia Foundation},
  year         = {2025},
  month        = jul,
  url          = {https://en.wikipedia.org/wiki/Cobot},
  note         = {Acessado em 4 ago. 2025}
}

@misc{standardBotsCobotSafetyStandards2025,
  author       = {{Standard Bots}},
  title        = {Collaborative robot safety standards: Ultimate guide to cobot safety},
  howpublished = {Web article},
  publisher    = {Standard Bots},
  year         = {2025},
  month        = mar,
  url          = {https://standardbots.com/blog/collaborative-robot-safety-standards},
  note         = {Acessado em 4 ago. 2025}
}

@misc{ulSolutionsCollaborativeSafety2025,
  author       = {{UL Solutions}},
  title        = {Collaborative Robot Safety},
  howpublished = {Resource page},
  publisher    = {UL Solutions},
  year         = {2025},
  url          = {https://www.ul.com/resources/collaborative-robot-safety},
  note         = {Acessado em 4 ago. 2025}
}

@misc{bostonDynamicsSpot2025,
  author       = {{Boston Dynamics}},
  title        = {Spot},
  howpublished = {Product page},
  publisher    = {Boston Dynamics},
  year         = {2025},
  url          = {https://bostondynamics.com/products/spot/},
  note         = {Acessado em 4 ago. 2025}
}

@article{li2023LowCostCableDrivenArm,
  author       = {Li, Wei and Zhang, Ming and Chen, Yao and Liu, Feng and Zhao, Hao},
  title        = {Low-Cost Cable-Driven Robot Arm with Low-Inertia Movement and Long-Term Cable Durability},
  journal      = {Robotics},
  year         = {2023},
  volume       = {13},
  number       = {9},
  pages        = {128},
  publisher    = {MDPI},
  doi          = {10.3390/robotics13090128},
  url          = {https://www.mdpi.com/2218-6581/13/9/128},
  note         = {Acessado em 4 ago. 2025}
}

@misc{teachKidsRobotsAreRobotsSafe2025,
  author       = {{Teach Kids Robotics}},
  title        = {Are robots safe?},
  howpublished = {Blog post},
  publisher    = {Teach Kids Robotics},
  year         = {2025},
  url          = {https://www.teachkidsrobotics.com/are-robots-safe/},
  note         = {Acessado em 4 ago. 2025}
}

@misc{ulSolutionsRoboticSafetyCertification2025,
  author       = {{UL Solutions}},
  title        = {Robotics Safety Standards and Certification},
  howpublished = {Service page},
  publisher    = {UL Solutions},
  year         = {2025},
  url          = {https://www.ul.com/services/robotic-safety-security-and-performance},
  note         = {Acessado em 4 ago. 2025}
}

@misc{wefHumanoidRobots2025,
  author       = {{World Economic Forum}},
  title        = {Humanoid robots offer disruption and promise. Here's why},
  howpublished = {News article},
  publisher    = {World Economic Forum},
  year         = {2025},
  month        = jun,
  url          = {https://www.weforum.org/stories/2025/06/humanoid-robots-offer-disruption-and-promise/},
  note         = {Acessado em 4 ago. 2025}
}

@misc{techGearLabBestRobotKits2025,
  author       = {{Tech Gear Lab Editors}},
  title        = {The 8 Best Robot Kits of 2025 | Tested \& Rated},
  howpublished = {Product review},
  publisher    = {Tech Gear Lab},
  year         = {2025},
  url          = {https://www.techgearlab.com/topics/cool-gadgets/best-kids-robot},
  note         = {Acessado em 4 ago. 2025}
}

@misc{scienceCityRivetingRobots2025,
  author       = {{Science City}},
  title        = {Riveting Robots},
  howpublished = {Exhibit page},
  publisher    = {Union Station Kansas City},
  year         = {2025},
  url          = {https://sciencecity.unionstation.org/space/riveting-robots/},
  note         = {Acessado em 4 ago. 2025}
}

@misc{youtubeExploringRoboticsKids2025,
  author       = {{YouTube - Exploring Robotics}},
  title        = {Exploring Robotics for Kids: Fun Projects and Creative Learning},
  howpublished = {Video},
  publisher    = {YouTube},
  year         = {2025},
  url          = {https://www.youtube.com/watch?v=spAZNmqmM4g&vl=en},
  note         = {Acessado em 4 ago. 2025}
}

@misc{stempediaProjects2025,
  author       = {{STEMpedia}},
  title        = {STEM, Coding, AI, ML, IoT and Robotics Projects},
  howpublished = {Project library},
  publisher    = {STEMpedia},
  year         = {2025},
  url          = {https://ai.thestempedia.com/project/},
  note         = {Acessado em 4 ago. 2025}
}

@misc{scienceBuddiesRoboticsLessons2025,
  author       = {{Science Buddies Staff}},
  title        = {25+ Robotics Projects, Lessons, and Activities | Science Buddies Blog},
  howpublished = {Blog post},
  publisher    = {Science Buddies},
  year         = {2025},
  url          = {https://www.sciencebuddies.org/blog/robotics-lessons},
  note         = {Acessado em 4 ago. 2025}
}

@misc{nasaRoboticArmChallenge2025,
  author       = {{NASA JPL Education Team}},
  title        = {Robotic Arm Challenge – Engineering Lesson},
  howpublished = {Lesson plan},
  publisher    = {NASA Jet Propulsion Laboratory},
  year         = {2025},
  url          = {https://www.jpl.nasa.gov/edu/resources/lesson-plan/robotic-arm-challenge/},
  note         = {Acessado em 4 ago. 2025}
}

@misc{pbsKidsRoboArm2025,
  author       = {{PBS KIDS - Design Squad Global}},
  title        = {Build | Robo Arm},
  howpublished = {Activity guide},
  publisher    = {PBS KIDS},
  year         = {2025},
  url          = {https://pbskids.org/designsquad/build/robo-arm/},
  note         = {Acessado em 4 ago. 2025}
}

@misc{stempediaQuarky2025,
  author       = {{STEMpedia}},
  title        = {Quarky - AI and Robotics Education Kit},
  howpublished = {Product page},
  publisher    = {STEMpedia},
  year         = {2025},
  url          = {https://thestempedia.com/product/quarky/},
  note         = {Acessado em 4 ago. 2025}
}

@misc{mikoAIPoweredRobot2025,
  author       = {{Miko AI}},
  title        = {Miko AI-Powered Robot: Smart Companion for Kids},
  howpublished = {Product page},
  publisher    = {Miko AI},
  year         = {2025},
  url          = {https://miko.ai/},
  note         = {Acessado em 4 ago. 2025}
}

@misc{firstRobotics2025,
  author       = {{FIRST\textsuperscript{\textregistered}}},
  title        = {FIRST Robotics},
  howpublished = {Official website},
  publisher    = {FIRST\textsuperscript{\textregistered}},
  year         = {2025},
  url          = {https://www.firstinspires.org/},
  note         = {Acessado em 4 ago. 2025}
}

@misc{smartCityCuritiba2025,
  author       = {{Fira Barcelona International}},
  title        = {Official website of the Smart City Expo Curitiba event},
  howpublished = {Event site},
  publisher    = {Fira Barcelona International},
  year         = {2025},
  url          = {https://smartcityexpocuritiba.com/en/},
  note         = {Acessado em 4 ago. 2025}
}

@misc{allConferenceAlertCuritibaTech2025,
  author       = {{All Conference Alert}},
  title        = {Upcoming Technology Conferences in Curitiba January 2026},
  howpublished = {Conference listing},
  publisher    = {All Conference Alert},
  year         = {2025},
  url          = {https://www.allconferencealert.com/curitiba/technology-conference/january-2025},
  note         = {Acessado em 4 ago. 2025}
}

@misc{spineUpcomingEvents2025,
  author       = {{North American Spine Society}},
  title        = {Upcoming Events \& Exhibitions},
  howpublished = {Event calendar},
  publisher    = {North American Spine Society},
  year         = {2025},
  url          = {https://www.spine.org/Education/Upcoming-Events-Exhibitions/1000},
  note         = {Acessado em 4 ago. 2025}
}

@misc{allConferenceAlertCuritibaMaterialScience2025,
  author       = {{All Conference Alert}},
  title        = {Upcoming Material Science Conferences in Curitiba 2025},
  howpublished = {Conference listing},
  publisher    = {All Conference Alert},
  year         = {2025},
  url          = {https://www.allconferencealert.com/curitiba/material-science-conference.html},
  note         = {Acessado em 4 ago. 2025}
}

@misc{pucprInternational2025,
  author       = {{Pontifícia Universidade Católica do Paraná}},
  title        = {PUCPR International},
  howpublished = {Institutional page},
  publisher    = {PUCPR},
  year         = {2025},
  url          = {https://www.pucpr.br/international/},
  note         = {Acessado em 4 ago. 2025}
}

@misc{topUniversitiesUTFPR2025,
  author       = {{Quacquarelli Symonds}},
  title        = {Federal University of Technology-Parana: Rankings, Fees \& Courses Details},
  howpublished = {University profile},
  publisher    = {QS Top Universities},
  year         = {2025},
  url          = {https://www.topuniversities.com/universities/federal-university-technology-parana},
  note         = {Acessado em 4 ago. 2025}
}

@misc{unitarCifalCuritibaSTEM2025,
  author       = {{United Nations Institute for Training and Research}},
  title        = {CIFAL Curitiba Promoting STEM Education in Brazil},
  howpublished = {News article},
  publisher    = {UNITAR},
  year         = {2025},
  url          = {https://unitar.org/about/news-stories/news/cifal-curitiba-promoting-stem-education-brazil},
  note         = {Acessado em 4 ago. 2025}
}

@article{fapespGivingWingsCuriosity2023,
  author       = {Sato, Laura},
  title        = {Giving wings to curiosity},
  journal      = {Revista Pesquisa FAPESP},
  year         = {2023},
  number       = {323},
  pages        = {48--53},
  publisher    = {FAPESP},
  url          = {https://revistapesquisa.fapesp.br/en/giving-wings-to-curiosity/},
  note         = {Acessado em 4 ago. 2025}
}


@phdthesis{jeng2017QualitativeDataSharing,
  author       = {Jeng, Wei},
  title        = {Qualitative Data Sharing Practices in Social Sciences},
  school       = {University of Pittsburgh},
  year         = {2017},
  type         = {Ph.D. Dissertation},
  url          = {https://d-scholarship.pitt.edu/31728/1/0608_wj_ETD_final.pdf},
  note         = {Acessado em 4 ago. 2025},
  abstract     = {Tese que investiga barreiras e facilitadores para o compartilhamento de dados qualitativos nas ciências sociais, analisando motivações, preocupações éticas e infraestruturas como repositórios institucionais e consórcios. Apresenta recomendações para aumentar a reutilização responsável de dados qualitativos.},
  keywords     = {dados qualitativos, compartilhamento de dados, ciências sociais, repositórios, ética}
}

@misc{sopact2025QuantitativeDataAI,
  author       = {{Sopact, Inc.}},
  title        = {How to Master Quantitative Data Collection with AI-Ready Precision},
  howpublished = {Web article},
  publisher    = {Sopact},
  year         = {2025},
  url          = {https://www.sopact.com/use-case/quantitative-data},
  note         = {Acessado em 4 ago. 2025},
  abstract     = {Guia prático sobre coleta de dados quantitativos “AI-ready”, abordando padronização, limpeza, integração e painéis para tomada de decisão orientada por evidências. Foca em fluxos de trabalho e ferramentas proprietárias da Sopact.},
  keywords     = {dados quantitativos, prontidão para IA, padronização, ETL, avaliação de impacto}
}

@article{gamarel2021TechDrivenQualYouth,
  author       = {Gamarel, Kristi E. and Stephenson, Rob and Hightow-Weidman, Lisa},
  title        = {Technology-driven methodologies to collect qualitative data among youth to inform HIV prevention and care interventions},
  journal      = {mHealth},
  year         = {2021},
  volume       = {7},
  publisher    = {AME Publishing Company},
  url          = {https://mhealth.amegroups.org/article/view/41814},
  note         = {Acessado em 4 ago. 2025},
  abstract     = {Revisão que descreve metodologias baseadas em tecnologia (apps, SMS, plataformas online) para coletar dados qualitativos com populações jovens em contextos de prevenção e cuidado em HIV. Discute oportunidades, considerações éticas e desafios de engajamento e privacidade.},
  keywords     = {mHealth, dados qualitativos, juventude, HIV, ética em pesquisa, metodologias digitais}
}

@book{mack2005QualitativeFieldGuide,
  author       = {Mack, Natasha and Woodsong, Cynthia and MacQueen, Kathleen M. and Guest, Greg and Namey, Emily},
  title        = {Qualitative Research Methods: A Data Collector's Field Guide},
  publisher    = {Family Health International (FHI)},
  address      = {Research Triangle Park, NC},
  year         = {2005},
  isbn         = {0-939704-98-6},
  url          = {https://www.fhi360.org/wp-content/uploads/2024/01/Qualitative-Research-Methods-A-Data-Collectors-Field-Guide.pdf},
  note         = {Acessado em 4 ago. 2025},
  abstract     = {Manual modular que cobre fundamentos e prática de métodos qualitativos (observação participante, entrevistas em profundidade e grupos focais), com checklists e orientações éticas para coleta e gestão de dados em campo.},
  keywords     = {métodos qualitativos, guia de campo, entrevistas, grupos focais, observação participante, ética}
}

@techreport{palmquist2013EngagingYouthNCIL,
  author       = {Palmquist, Sasha and Dusenbery, Paul},
  title        = {Engaging Youth in Exhibition Development and Evaluation: NCIL Report 2013},
  institution  = {National Center for Interactive Learning, Space Science Institute},
  year         = {2013},
  url          = {https://spacescience.org/edu/reports/NCIL-Report-Engaging-Youth-Exhibition-Development-Evaluation-2013.pdf},
  note         = {Acessado em 4 ago. 2025},
  abstract     = {Relatório que descreve a inclusão de jovens em times consultivos para co-desenhar e avaliar a exposição “Great Balls of Fire”. Usa abordagem de métodos mistos e relata ganhos em conhecimento, atitudes e competências científicas.},
  keywords     = {aprendizagem informal, avaliação de exposições, participação juvenil, museus de ciência, métodos mistos}
}

@misc{supersurvey2025STEMElementary,
  author       = {{SuperSurvey}},
  title        = {50+ STEM Survey Questions for Elementary Students},
  howpublished = {Survey template},
  publisher    = {SuperSurvey},
  year         = {2025},
  url          = {https://www.supersurvey.com/LPF-stem-elementary-student},
  note         = {Acessado em 4 ago. 2025},
  abstract     = {Modelo de questionário com itens prontos para avaliar interesse, envolvimento e habilidades de resolução de problemas em STEM para estudantes do ensino fundamental, com sugestões de boas práticas de aplicação.},
  keywords     = {questionário, ensino fundamental, engajamento em STEM, interesse, avaliação}
}

@misc{pollmaker2025STEMStudentsSurvey,
  author       = {{Poll Maker}},
  title        = {STEM for Students Survey | 50+ Essential Questions},
  howpublished = {Survey template},
  publisher    = {Poll Maker},
  year         = {2025},
  url          = {https://www.poll-maker.com/stem-for-students},
  note         = {Acessado em 4 ago. 2025},
  abstract     = {Template personalizável para pesquisar interesse, autoeficácia e identidade em STEM com alunos, incluindo recomendações para evitar vieses e aprimorar a qualidade dos dados.},
  keywords     = {survey, estudantes, STEM, autoeficácia, identidade STEM, metodologia de questionário}
}

@article{pivetti2025MeasuringSTEMEngagement,
  author       = {Pivetti, Monica and Dusi, Virginia},
  title        = {Measuring {STEM} engagement among middle school children involved in educational robotics: a narrative review},
  journal      = {Discover Education},
  year         = {2025},
  volume       = {4},
  pages        = {253},
  publisher    = {Springer Nature},
  doi          = {10.1007/s44217-025-00547-x},
  url          = {https://doi.org/10.1007/s44217-025-00547-x},
  note         = {Acessado em 4 ago. 2025},
  abstract     = {Revisão narrativa que sintetiza como o engajamento em STEM tem sido definido e medido entre alunos do ensino fundamental envolvidos em robótica educacional, destacando o uso das escalas S-STEM e STEM-CIS e as sobreposições conceituais com motivação e autoeficácia.},
  keywords     = {engajamento em STEM, robótica educacional, ensino fundamental, S-STEM, STEM-CIS, revisão narrativa}
}


@article{trapero2024didactic,
  author       = {Irene Trapero-Gonz{'a}lez and Francisco Javier Hinojo-Lucena and Jos{'e}-Mar{'i}a Romero-Rodr{'i}guez and Alejandro Mart{'\i}nez-Men{'e}ndez},
  title        = {Didactic impact of educational robotics on the development of STEM competence in primary education: a systematic review and meta-analysis},
  journal      = {Frontiers in Education},
  volume       = {9},
  year         = {2024},
  doi          = {10.3389/feduc.2024.1480908},
  url          = {https://www.frontiersin.org/journals/education/articles/10.3389/feduc.2024.1480908/full},
  abstract     = {Revisão sistemática e meta-análise que mostra um efeito moderado da robótica educacional no desenvolvimento de competências STEM no ensino fundamental, destacando a necessidade de um referencial didático para orientar seu uso nas escolas.},
}

@online{acf2021innovative,
  title        = {Innovative Approaches – Keeping Youth Engaged Between Follow‑up Data Collection Periods},
  year         = {2021},
  month        = may,
  day          = 18,
  howpublished = {\url{https://acf.gov/fysb/success-story/success-story/innovative-approaches-keeping-youth-engaged-between-follow-up-data}},
  note         = {Acesso em 4 de agosto de 2025},
  abstract     = {Caso de sucesso da Administração para Crianças e Famílias dos EUA (ACF) que descreve abordagens inovadoras para manter jovens engajados entre os períodos de coleta de dados de acompanhamento.},
}

@misc{assessingexhibits,
  title        = {Assessing Exhibits for Learning in Science Centers: A Practical Tool},
  howpublished = {\url{https://www.researchgate.net/publication/233338902_Assessing_Exhibits_for_Learning_in_Science_Centers_A_Practical_Tool}},
  note         = {Acesso em 4 de agosto de 2025},
  abstract     = {Ferramenta prática apresentada em publicação acadêmica para avaliar a eficácia de exposições em centros de ciência no processo de aprendizagem dos visitantes.},
}

@online{tpt2025steminterest,
  title        = {STEM Interest Survey},
  year         = {2025},
  howpublished = {\url{https://www.teacherspayteachers.com/browse?search=stem%20interest%20survey}},
  note         = {Acesso em 4 de agosto de 2025},
  abstract     = {Página da plataforma Teachers Pay Teachers com instrumentos para avaliar o interesse de estudantes por áreas STEM, útil para professores do ensino fundamental e médio.},
}

@online{instructables2025firstoutreach,
  title        = {FIRST Teams Guide to Effective Outreach: 8 Steps},
  year         = {2025},
  howpublished = {\url{https://www.instructables.com/FIRST-Teams-Guide-to-Effective-Outreach/}},
  note         = {Acesso em 4 de agosto de 2025},
  abstract     = {Guia passo a passo para equipes FIRST (robótica) realizarem ações de divulgação eficazes, com foco em construção de comunidade e envolvimento público.},
}

@online{wsu2025_4hrobotics,
  title        = {4‑H Robotics Project | Yakima County – WSU Extension},
  year         = {2025},
  howpublished = {\url{https://extension.wsu.edu/yakima/4-h/projects-programs/projects-and-programs-resource-library/engineering-technology/robotics/}},
  note         = {Acesso em 4 de agosto de 2025},
  abstract     = {Descrição de projeto de robótica do programa 4‑H na região de Yakima (Washington State University Extension), com foco em envolvimento juvenil e aprendizagem prática em tecnologia.},
}

@article{americanscientist2025childrobot,
  author       = {---},
  title        = {Child‑Robot Interaction},
  journal      = {American Scientist},
  year         = {2025},
  howpublished = {\url{https://www.americanscientist.org/article/child-robot-interaction}},
  note         = {Acesso em 4 de agosto de 2025},
  abstract     = {Artigo que aborda a interação entre crianças e robôs, discutindo aspectos cognitivos, emocionais e educativos observados em estudos recentes.},
}

@online{jetlearn2025ethics,
  title        = {The Importance of Ethics in Robotics: Teaching Kids Right from Wrong},
  year         = {2025},
  howpublished = {\url{https://www.jetlearn.com/blog/importance-of-ethics-in-robotics}},
  note         = {Acesso em 4 de agosto de 2025},
  abstract     = {Postagem no blog da JetLearn que enfatiza a importância de ensinar ética em robótica para crianças, incentivando reflexões sobre responsabilidade, justiça e uso consciente da tecnologia.},
}

@online{unesco2025ethicsai,
  title        = {Ethics of Artificial Intelligence},
  organization = {UNESCO},
  year         = {2025},
  howpublished = {\url{https://www.unesco.org/en/artificial-intelligence/recommendation-ethics}},
  note         = {Acesso em 4 de agosto de 2025},
  abstract     = {Recomendação da UNESCO sobre ética na inteligência artificial, abordando princípios como equidade, transparência e responsabilidade na era da IA.},
}

@misc{researchgate2025aiinterfaced,
  title        = {Using Artificial Intelligence (AI)‑interfaced robotic toys in early childhood settings: a case for children's inquiry literacy},
  howpublished = {\url{https://www.researchgate.net/publication/355140889_Using_Artificial_Intelligence_AI-interfaced_robotic_toys_in_early_childhood_settings_a_case_for_children's_inquiry_literacy}},
  note         = {Acesso em 4 de agosto de 2025},
  abstract     = {Exploração do uso de brinquedos robóticos com interface de IA em contextos de educação infantil, com foco no desenvolvimento da competência investigativa e literacia científica das crianças.},
}


@online{lee2025designing,
  author       = {Sarah Lee},
  title        = {Designing Engaging Interactive Exhibits},
  year         = {2025},
  month        = jul,
  day          = 12,
  howpublished = {\url{https://www.numberanalytics.com/blog/designing-engaging-interactive-exhibits}},
  note         = {Acesso em 4 de agosto de 2025},
  abstract     = {Explora princípios essenciais para criar exposições interativas cativantes, ressaltando a importância de conhecer o público‑alvo, evitar excesso de elementos visuais e utilizar tipografia coerente para melhorar a comunicação e engajamento.},
  doi          = {--},
}

@online{moulton_robotics,
  author       = {Tyler Moulton},
  title        = {10 Robotics Competitions for High School Students},
  year         = {2023},
  howpublished = {\url{https://www.veritasai.com/veritasaiblog/robotics-competitions-for-high-school-students}},
  note         = {Acesso em 4 de agosto de 2025},
  abstract     = {Lista competições de robótica para ensino médio com base em parâmetros como prestígio e habilidades desenvolvidas, como programação, liderança e trabalho em equipe.},
  doi          = {--},
}

@article{diciurcio2023robots,
  author       = {Ashley DiCiurcio},
  title        = {How Robots Are Helping Better K–12 Schools},
  journal      = {EdTech Magazine},
  year         = {2023},
  month        = aug,
  day          = 23,
  howpublished = {\url{https://edtechmagazine.com/k12/article/2023/08/how-robots-are-helping-better-k-12-schools}},
  note         = {Acesso em 4 de agosto de 2025},
  abstract     = {Reportagem que ilustra como robôs têm sido usados para automatizar tarefas em escolas K–12, como corte de grama e limpeza, tornando-se ferramentas educativas práticas em STEM.},
  doi          = {--},
}

@misc{serc2024,
  title        = {Southern Educational Robotics Conference},
  year         = {2024},
  month        = oct,
  howpublished = {\url{https://www.auburn.edu/cosam/events/2024/10/southern_educational_robotics_conference.htm}},
  note         = {Evento realizado na Auburn University; acesso em 4 de agosto de 2025},
  abstract     = {Conferência promovida em outubro de 2024 na Auburn University voltada à robótica educacional, focada em colaborações e aprendizagem em ambientes acadêmicos.},
  doi          = {--},
}

@online{roboshop2025education,
  title        = {Robotics Education},
  year         = {2025},
  howpublished = {\url{https://www.robotshop.com/collections/robotics-education}},
  note         = {Acesso em 4 de agosto de 2025},
  abstract     = {Página da RobotShop que apresenta uma coleção de produtos voltada à educação em robótica, incluindo kits e materiais para aprendizado prático em STEM.},
  doi          = {--},
}

@online{instructables2025robotfriends,
  author       = {LanceMakes},
  title        = {Robot Friends – Easy Robot STEM Project for Kids},
  year         = {2025},
  month        = may,
  howpublished = {\url{https://www.instructables.com/Robot-Friends-Easy-Robot-STEM-Project-for-Kids/}},
  note         = {Acesso em 4 de agosto de 2025},
  abstract     = {Projeto extremamente simples voltado para crianças, que explica como construir um "amigo robô" usando componentes básicos (como motor, pilhas, rodas e itens de artesanato) para executar tarefas simples e divertidas, introduzindo conceitos fundamentais de robótica de forma criativa e acessível.},
  doi          = {--},
}

@article{nugent2010impact,
  author       = {Gwen Nugent and Bradley Barker and Neal Grandgenett and Viacheslav I. Adamchuk},
  title        = {Impact of Robotics and Geospatial Technology Interventions on Youth STEM Learning and Attitudes},
  journal      = {Journal of Research on Technology in Education},
  volume       = {42},
  number       = {4},
  pages        = {391--408},
  year         = {2010},
  doi          = {--},
  note         = {Acesso em 4 de agosto de 2025},
  abstract     = {Estudo sobre a influência de intervenções de robótica e tecnologias geoespaciais em jovens do ensino fundamental: um acampamento intensivo de 40 h melhorou significativamente o aprendizado em STEM, enquanto uma intervenção curta de 3 h teve maior impacto nas atitudes e motivação dos participantes.},
}

@misc{4events2025straumann,
  title        = {Straumann Scientific Meeting – Curitiba, PR},
  year         = {2025},
  howpublished = {\url{https://lets.4.events/straumann-scientific-meeting-curitiba-%7C-pr-C21136E410}},
  note         = {Evento em Curitiba – PR; acesso em 4 de agosto de 2025},
  abstract     = {Reunião científica da Straumann realizada em Curitiba, Paraná, em data não especificada no site, provavelmente destinada a profissionais e pesquisadores da área odontológica e científica, com foco em tecnologias e inovações da empresa.},
  doi          = {--},
}

