@misc{meegleYouthRobotics2025,
  author       = {{Meegle (Project Manager)}},
  title        = {Youth Robotics Programs},
  howpublished = {Blog post on Meegle website},
  publisher    = {Meegle},
  year         = {2025},
  month        = jan,
  url          = {https://www.meegle.com/en_us/topics/robotics/youth-robotics-programs},
  note         = {Acessado em 4 ago. 2025},
}

@misc{acebottImportanceRobotics2025,
  author       = {{ACEBOTT}},
  title        = {The Importance of Robotics for Students: A Pathway to Future Success},
  howpublished = {Blog post on ACEBOTT STEM Blogs},
  publisher    = {ACEBOTT},
  year         = {2025},
  month        = mar,
  url          = {https://acebott.com/stem-blogs/the-importance-of-robotics-for-students-a-pathway-to-future-success/},
  note         = {Acessado em 4 ago. 2025},
}

@inproceedings{ross2024BeyondExhibits,
  author       = {Ross, Lydia and Seth, Deeksha},
  title        = {Beyond Exhibits: Exploring Bio‑Inspired Education Robots in Museums for STEM Enrichment},
  booktitle    = {ASEE Annual Conference and Exposition, Conference Proceedings},
  publisher    = {ASEE},
  year         = {2024},
  month        = jun,
  doi          = {10.18260/1-2--46646},
  url          = {https://peer.asee.org/beyond-exhibits-exploring-bio-inspired-education-robots-in-museums-for-stem-enrichment.pdf},
  note         = {Acessado em 4 ago. 2025},
}

@incollection{cheung2024SummerLibraries,
  author       = {Cheung, Ho Ching and Cameron, David and Lucas, Alex and Prescott, Tony},
  title        = {Effects of Summer Robotics Activities in Libraries on Children’s Interest in Robotics and STEM Career},
  booktitle    = {Robotics in Education (RiE 2024), Lecture Notes in Networks and Systems, vol. 1084},
  editor       = {Editors Unknown},
  publisher    = {Springer, Cham},
  year         = {2024},
  pages        = {188--199},
  doi          = {10.1007/978-3-031-67059-6_17},
  note         = {Acessado em 4 ago. 2025},
}

@misc{informalscienceFramework2008,
  editor       = {Friedman, Alan J.},
  title        = {Framework for Evaluating Impacts of Informal Science Education Projects},
  howpublished = {Report},
  publisher    = {InformalScience.org / National Science Foundation},
  year         = {2008},
  url          = {https://informalscience.org/wp-content/uploads/2022/05/Eval_Framework.pdf},
  note         = {Acessado em 4 ago. 2025},
}

@misc{rennieKrishnamurthiInformalSTEM2025,
  author       = {Rennie, Leonie J. and Krishnamurthi, Annapurna},
  title        = {Informal STEM Education – What is it and What are its Goals},
  howpublished = {Briefing paper},
  publisher    = {Afterschool Alliance},
  year         = {2025},
  url          = {https://afterschoolalliance.org/documents/STEM/Rennie_Krishnamurthi.pdf},
  note         = {Acessado em 4 ago. 2025},
}

@article{unknownEducationalRoboticsAttitudes2023,
  author       = {Yilmaz, Muzaffer and others},
  title        = {The Effects of Educational Robotics Activities on Students’ Attitudes towards STEM and ICT Courses},
  journal      = {ResearchGate preprint},
  year         = {2023},
  url          = {https://www.researchgate.net/publication/370872865_The_effects_of_educational_robotics_activities_on_students'_attitudes_towards_STEM_and_ICT_courses},
  note         = {Acessado em 4 ago. 2025},
}

@misc{whalesbotRevolutionizingSTEM2025,
  author       = {{WhalesBot Education Technology Co.}},
  title        = {Revolutionizing STEM Education with WhalesBot: Empowering Students Through Robotics},
  howpublished = {Blog post},
  publisher    = {WhalesBot},
  year         = {2025},
  month        = feb,
  url          = {https://www.whalesbot.ai/blog/revolutionizing-stem-education-with-whalesbot-empowering-students-through-robotics},
  note         = {Acessado em 4 ago. 2025},
}

@article{almarzooq2025ImpactRoboticsSTEM,
  author       = {Almarzooq, Mohammed and others},
  title        = {The Impact of Robotics on STEM Education: Facilitating Cognitive and Interdisciplinary Advancements},
  journal      = {ResearchGate preprint},
  year         = {2025},
  url          = {https://www.researchgate.net/publication/381608218_The_impact_of_robotics_on_STEM_education_Facilitating_cognitive_and_interdisciplinary_advancements},
  note         = {Acessado em 4 ago. 2025},
}

@article{lim2024IntegratedSTEMRobotics,
  author       = {Lim, Lee Ling and others},
  title        = {Implementation of Integrated STEM Learning in Educational Robotics towards 21st Century Skills: A Systematic Review},
  journal      = {International Journal of Education and Practice},
  year         = {2024},
  volume       = {12},
  number       = {2},
  pages        = {189--210},
  publisher    = {ERIC},
  url          = {https://files.eric.ed.gov/fulltext/EJ1452798.pdf},
  note         = {Acessado em 4 ago. 2025},
}

@misc{behavioralHealthRoboticsAI2025,
  author       = {Smith, Jennifer},
  title        = {The Benefits of Robotics and AI for Children and Behavioral Health},
  howpublished = {Web article},
  publisher    = {Behavioral Health News},
  year         = {2025},
  month        = apr,
  url          = {https://behavioralhealthnews.org/the-benefits-of-robotics-and-ai-for-children-and-behavioral-health/},
  note         = {Acessado em 4 ago. 2025},
}

@misc{centrePointRoboticsGames2025,
  author       = {Centre Point School},
  title        = {Top Robotics Games for Kids: Learn Through Play},
  howpublished = {Blog post},
  publisher    = {Centre Point School},
  year         = {2025},
  month        = may,
  url          = {https://centrepointschools.com/blogs/robotics-games-for-kids-play-based-learning/},
  note         = {Acessado em 4 ago. 2025},
}

@misc{niryoEducationalRobotsSTEM2025,
  author       = {Niryo},
  title        = {Educational Robots for STEM},
  howpublished = {Web article},
  publisher    = {Niryo},
  year         = {2025},
  url          = {https://niryo.com/educational-robots-stem/},
  note         = {Acessado em 4 ago. 2025},
}

@misc{playtoLabsRoboticsKids2023,
  author       = {Playto Labs},
  title        = {Robotics for Kids: Complete Guide for Parents and Teachers},
  howpublished = {Blog post},
  publisher    = {Playto Labs},
  year         = {2023},
  url          = {https://www.playtolabs.com/blog/robotics-for-kids},
  note         = {Acessado em 4 ago. 2025},
}

@article{tiryaki2023StemRoboticCreativity,
  author       = {Tiryaki, B. and others},
  title        = {The Effect of STEM-Based Robotic Applications on the Creativity And Attitude of Students},
  journal      = {Journal of Science Learning},
  publisher    = {Universitas Pendidikan Indonesia},
  year         = {2023},
  url          = {https://ejournal.upi.edu/index.php/jslearning/article/view/94},
  note         = {Acessado em 4 ago. 2025},
}

@misc{mosTeachingSTEM2025,
  author       = {{Museum of Science, Boston}},
  title        = {Teaching STEM},
  howpublished = {Web page},
  publisher    = {Museum of Science, Boston},
  year         = {2025},
  url          = {https://www.mos.org/teaching-stem},
  note         = {Acessado em 4 ago. 2025}
}

@misc{fleetScienceCenter2025,
  author       = {{Fleet Science Center}},
  title        = {San Diego's Fleet Science Center},
  howpublished = {Website},
  publisher    = {Fleet Science Center},
  year         = {2025},
  url          = {https://www.fleetscience.org/},
  note         = {Acessado em 4 ago. 2025}
}

@misc{bcmSTEAMLab2025,
  author       = {{Boston Children's Museum}},
  title        = {STEAM Lab},
  howpublished = {Web page},
  publisher    = {Boston Children's Museum},
  year         = {2025},
  url          = {https://bostonchildrensmuseum.org/steam-lab/},
  note         = {Acessado em 4 ago. 2025}
}

@misc{nsfLearningThroughMaking2014,
  author       = {{National Science Foundation}},
  title        = {Learning through making},
  howpublished = {NSF News},
  publisher    = {National Science Foundation},
  year         = {2014},
  month        = jun,
  url          = {https://www.nsf.gov/news/learning-through-making},
  note         = {Acessado em 4 ago. 2025}
}

@article{rahman2024DigitalK12HRI,
  author       = {Rahman, S. M. Mizanoor},
  title        = {Digital K–12 STEM Education through Human–Robot Interaction: Investigation on Prerequisites},
  journal      = {Digital},
  year         = {2024},
  volume       = {4},
  number       = {2},
  pages        = {461--482},
  publisher    = {MDPI},
  doi          = {10.3390/digital4020023},
  url          = {https://www.mdpi.com/2673-6470/4/2/23},
  note         = {Acessado em 4 ago. 2025}
}

@inproceedings{rahman2019MetricsMethodsFCRAR,
  author       = {Rahman, S. M. Mizanoor},
  title        = {Metrics and Methods of Evaluating Learning Outcomes in Robot-Based STEM Education},
  booktitle    = {Proceedings of the 36th Florida Conference on Recent Advances in Robotics (FCRAR 2019)},
  year         = {2019},
  address      = {Miami, FL, USA},
  publisher    = {University of South Florida Libraries},
  url          = {https://digitalcommons.usf.edu/cgi/viewcontent.cgi?article=1072&context=fcrar},
  note         = {Acessado em 4 ago. 2025}
}

@misc{makeblockMBot22025,
  author       = {{Makeblock Co., Ltd.}},
  title        = {mBot2: No.1 Coding Robot for {STEM} Education},
  howpublished = {Product page},
  publisher    = {Makeblock},
  year         = {2025},
  url          = {https://www.makeblock.com/pages/mbot2-coding-robot},
  note         = {Acessado em 4 ago. 2025}
}

@misc{coderoboPickPlace2025,
  author       = {{CodeRobo.AI}},
  title        = {Best Pick and Place Robots for Kids That Make Learning Fun},
  howpublished = {Blog post},
  publisher    = {CodeRobo.AI},
  year         = {2025},
  month        = jun,
  url          = {https://www.coderobo.ai/blogs/best-pick-and-place-robots-for-kids-that-make-learning-fun},
  note         = {Acessado em 4 ago. 2025}
}

@misc{vexRoboticsHome2025,
  author       = {{VEX Robotics}},
  title        = {VEX Robotics: Home},
  howpublished = {Website},
  publisher    = {VEX Robotics},
  year         = {2025},
  url          = {https://www.vexrobotics.com/},
  note         = {Acessado em 4 ago. 2025}
}

@misc{robotlabDobotClassroomPack2025,
  author       = {{RobotLAB}},
  title        = {Dobot Robotic Arm -- Classroom Pack},
  howpublished = {Product page},
  publisher    = {RobotLAB},
  year         = {2025},
  url          = {https://www.robotlab.com/store/dobot-classroom-pack},
  note         = {Acessado em 4 ago. 2025}
}

@misc{robotshopArmsGrippers2025,
  author       = {{RobotShop, Inc.}},
  title        = {Robotic Arms \& Grippers},
  howpublished = {Collection page},
  publisher    = {RobotShop},
  year         = {2025},
  url          = {https://www.robotshop.com/collections/robotic-arms},
  note         = {Acessado em 4 ago. 2025}
}

@misc{scienceBuddiesBuildRoboticArm2025,
  author       = {{Science Buddies Staff}},
  title        = {Build a Robotic Arm | Science Project},
  howpublished = {Project guide},
  publisher    = {Science Buddies},
  year         = {2025},
  url          = {https://www.sciencebuddies.org/science-fair-projects/project-ideas/Robotics_p050/robotics/arduino-robotic-arm},
  note         = {Acessado em 4 ago. 2025}
}

@misc{rancholabsUltimateGuide2025,
  author       = {Agrawal, Anshul},
  title        = {Ultimate Guide to Science Working Model Ideas for Fairs and Exhibitions: Robotics Edition},
  howpublished = {Blog post},
  publisher    = {Rancho Labs},
  year         = {2025},
  month        = jan,
  url          = {https://www.rancholabs.com/post/ultimate-guide-to-science-working-model-ideas-for-fairs-and-exhibitions-robotics-edition},
  note         = {Acessado em 4 ago. 2025}
}

@misc{scienceBuddiesRoboticsProjects2025,
  author       = {{Science Buddies Staff}},
  title        = {Robotics Science Projects},
  howpublished = {Topic index},
  publisher    = {Science Buddies},
  year         = {2025},
  url          = {https://www.sciencebuddies.org/science-fair-projects/science-projects/robotics},
  note         = {Acessado em 4 ago. 2025}
}

@misc{scienceBuddiesRobotHand2025,
  author       = {{Science Buddies Staff}},
  title        = {Build a Robot Hand | STEM Activity},
  howpublished = {Activity guide},
  publisher    = {Science Buddies},
  year         = {2025},
  url          = {https://www.sciencebuddies.org/stem-activities/build-a-robot-hand},
  note         = {Acessado em 4 ago. 2025}
}

@article{chang2025ConstructedResponse,
  author       = {Chang, Xiaoyu and Zhang, Fan and Fu, Kexue and Diana, Carla and Ju, Wendy and LC, Ray},
  title        = {A Constructed Response: Designing and Choreographing Robot Arm Movements in Collaborative Dance Improvisation},
  journal      = {arXiv},
  year         = {2025},
  month        = may,
  eprint       = {2505.23090},
  eprinttype   = {arXiv},
  primaryclass = {cs.RO},
  url          = {https://arxiv.org/abs/2505.23090},
  note         = {Acessado em 4 ago. 2025}
}

@misc{venezia2025EducationalRobotArm,
  author       = {Venezia, Isaac},
  title        = {Educational Robot Arm},
  howpublished = {Project page (Make: Community)},
  publisher    = {Make Community LLC},
  year         = {2025},
  url          = {https://make.co/contestants/educational-robot-arm},
  note         = {Acessado em 4 ago. 2025}
}

@misc{first2020AtHomeRoboticArmExplore,
  author       = {Mordarski, Jillian},
  title        = {FIRST\textsuperscript{\textregistered} at Home: Robotic Arm --- Explore Session 10},
  howpublished = {Educator resource (PDF)},
  publisher    = {FIRST\textsuperscript{\textregistered}},
  year         = {2020},
  url          = {https://www.firstinspires.org/sites/default/files/uploads/resource_library/educators/firstathome/2020/week10/Explore-Session-10.pdf},
  note         = {Acessado em 4 ago. 2025}
}

@article{gonzalez2025HybridPhysicalVirtualArm,
  author       = {Gonzalez, Fernando G.},
  title        = {A Hybrid Physical-Virtual Educational Robotic Arm},
  journal      = {ASEE Computers in Education Journal},
  year         = {2025},
  volume       = {14},
  number       = {3},
  publisher    = {ASEE Computers in Education},
  url          = {https://coed.asee.org/2025/03/30/a-hybrid-physical-virtual-educational-robotic-arm/},
  note         = {Acessado em 4 ago. 2025}
}

@misc{techpowerupDobotMagicianReview2017,
  author       = {{TechPowerUp Staff}},
  title        = {Dobot Magician Robotic Arm Review --- Value \& Conclusion},
  howpublished = {Web review},
  publisher    = {TechPowerUp},
  year         = {2017},
  url          = {https://www.techpowerup.com/review/dobot-magician/5.html},
  note         = {Acessado em 4 ago. 2025}
}