
@phdthesis{jeng2017QualitativeDataSharing,
  author       = {Jeng, Wei},
  title        = {Qualitative Data Sharing Practices in Social Sciences},
  school       = {University of Pittsburgh},
  year         = {2017},
  type         = {Ph.D. Dissertation},
  url          = {https://d-scholarship.pitt.edu/31728/1/0608_wj_ETD_final.pdf},
  note         = {Acessado em 4 ago. 2025},
  abstract     = {Tese que investiga barreiras e facilitadores para o compartilhamento de dados qualitativos nas ciências sociais, analisando motivações, preocupações éticas e infraestruturas como repositórios institucionais e consórcios. Apresenta recomendações para aumentar a reutilização responsável de dados qualitativos.},
  keywords     = {dados qualitativos, compartilhamento de dados, ciências sociais, repositórios, ética}
}

@misc{sopact2025QuantitativeDataAI,
  author       = {{Sopact, Inc.}},
  title        = {How to Master Quantitative Data Collection with AI-Ready Precision},
  howpublished = {Web article},
  publisher    = {Sopact},
  year         = {2025},
  url          = {https://www.sopact.com/use-case/quantitative-data},
  note         = {Acessado em 4 ago. 2025},
  abstract     = {Guia prático sobre coleta de dados quantitativos “AI-ready”, abordando padronização, limpeza, integração e painéis para tomada de decisão orientada por evidências. Foca em fluxos de trabalho e ferramentas proprietárias da Sopact.},
  keywords     = {dados quantitativos, prontidão para IA, padronização, ETL, avaliação de impacto}
}

@article{gamarel2021TechDrivenQualYouth,
  author       = {Gamarel, Kristi E. and Stephenson, Rob and Hightow-Weidman, Lisa},
  title        = {Technology-driven methodologies to collect qualitative data among youth to inform HIV prevention and care interventions},
  journal      = {mHealth},
  year         = {2021},
  volume       = {7},
  publisher    = {AME Publishing Company},
  url          = {https://mhealth.amegroups.org/article/view/41814},
  note         = {Acessado em 4 ago. 2025},
  abstract     = {Revisão que descreve metodologias baseadas em tecnologia (apps, SMS, plataformas online) para coletar dados qualitativos com populações jovens em contextos de prevenção e cuidado em HIV. Discute oportunidades, considerações éticas e desafios de engajamento e privacidade.},
  keywords     = {mHealth, dados qualitativos, juventude, HIV, ética em pesquisa, metodologias digitais}
}

@book{mack2005QualitativeFieldGuide,
  author       = {Mack, Natasha and Woodsong, Cynthia and MacQueen, Kathleen M. and Guest, Greg and Namey, Emily},
  title        = {Qualitative Research Methods: A Data Collector's Field Guide},
  publisher    = {Family Health International (FHI)},
  address      = {Research Triangle Park, NC},
  year         = {2005},
  isbn         = {0-939704-98-6},
  url          = {https://www.fhi360.org/wp-content/uploads/2024/01/Qualitative-Research-Methods-A-Data-Collectors-Field-Guide.pdf},
  note         = {Acessado em 4 ago. 2025},
  abstract     = {Manual modular que cobre fundamentos e prática de métodos qualitativos (observação participante, entrevistas em profundidade e grupos focais), com checklists e orientações éticas para coleta e gestão de dados em campo.},
  keywords     = {métodos qualitativos, guia de campo, entrevistas, grupos focais, observação participante, ética}
}

@techreport{palmquist2013EngagingYouthNCIL,
  author       = {Palmquist, Sasha and Dusenbery, Paul},
  title        = {Engaging Youth in Exhibition Development and Evaluation: NCIL Report 2013},
  institution  = {National Center for Interactive Learning, Space Science Institute},
  year         = {2013},
  url          = {https://spacescience.org/edu/reports/NCIL-Report-Engaging-Youth-Exhibition-Development-Evaluation-2013.pdf},
  note         = {Acessado em 4 ago. 2025},
  abstract     = {Relatório que descreve a inclusão de jovens em times consultivos para co-desenhar e avaliar a exposição “Great Balls of Fire”. Usa abordagem de métodos mistos e relata ganhos em conhecimento, atitudes e competências científicas.},
  keywords     = {aprendizagem informal, avaliação de exposições, participação juvenil, museus de ciência, métodos mistos}
}

@misc{supersurvey2025STEMElementary,
  author       = {{SuperSurvey}},
  title        = {50+ STEM Survey Questions for Elementary Students},
  howpublished = {Survey template},
  publisher    = {SuperSurvey},
  year         = {2025},
  url          = {https://www.supersurvey.com/LPF-stem-elementary-student},
  note         = {Acessado em 4 ago. 2025},
  abstract     = {Modelo de questionário com itens prontos para avaliar interesse, envolvimento e habilidades de resolução de problemas em STEM para estudantes do ensino fundamental, com sugestões de boas práticas de aplicação.},
  keywords     = {questionário, ensino fundamental, engajamento em STEM, interesse, avaliação}
}

@misc{pollmaker2025STEMStudentsSurvey,
  author       = {{Poll Maker}},
  title        = {STEM for Students Survey | 50+ Essential Questions},
  howpublished = {Survey template},
  publisher    = {Poll Maker},
  year         = {2025},
  url          = {https://www.poll-maker.com/stem-for-students},
  note         = {Acessado em 4 ago. 2025},
  abstract     = {Template personalizável para pesquisar interesse, autoeficácia e identidade em STEM com alunos, incluindo recomendações para evitar vieses e aprimorar a qualidade dos dados.},
  keywords     = {survey, estudantes, STEM, autoeficácia, identidade STEM, metodologia de questionário}
}

@article{pivetti2025MeasuringSTEMEngagement,
  author       = {Pivetti, Monica and Dusi, Virginia},
  title        = {Measuring {STEM} engagement among middle school children involved in educational robotics: a narrative review},
  journal      = {Discover Education},
  year         = {2025},
  volume       = {4},
  pages        = {253},
  publisher    = {Springer Nature},
  doi          = {10.1007/s44217-025-00547-x},
  url          = {https://doi.org/10.1007/s44217-025-00547-x},
  note         = {Acessado em 4 ago. 2025},
  abstract     = {Revisão narrativa que sintetiza como o engajamento em STEM tem sido definido e medido entre alunos do ensino fundamental envolvidos em robótica educacional, destacando o uso das escalas S-STEM e STEM-CIS e as sobreposições conceituais com motivação e autoeficácia.},
  keywords     = {engajamento em STEM, robótica educacional, ensino fundamental, S-STEM, STEM-CIS, revisão narrativa}
}
