
@misc{meegleYouthRobotics2025,
  author       = {{Meegle (Project Manager)}},
  title        = {Youth Robotics Programs},
  howpublished = {Blog post on Meegle website},
  publisher    = {Meegle},
  year         = {2025},
  month        = jan,
  url          = {https://www.meegle.com/en_us/topics/robotics/youth-robotics-programs},
  note         = {Acessado em 4 ago. 2025},
}

@misc{acebottImportanceRobotics2025,
  author       = {{ACEBOTT}},
  title        = {The Importance of Robotics for Students: A Pathway to Future Success},
  howpublished = {Blog post on ACEBOTT STEM Blogs},
  publisher    = {ACEBOTT},
  year         = {2025},
  month        = mar,
  url          = {https://acebott.com/stem-blogs/the-importance-of-robotics-for-students-a-pathway-to-future-success/},
  note         = {Acessado em 4 ago. 2025},
}

@inproceedings{ross2024BeyondExhibits,
  author       = {Ross, Lydia and Seth, Deeksha},
  title        = {Beyond Exhibits: Exploring Bio‑Inspired Education Robots in Museums for STEM Enrichment},
  booktitle    = {ASEE Annual Conference and Exposition, Conference Proceedings},
  publisher    = {ASEE},
  year         = {2024},
  month        = jun,
  doi          = {10.18260/1-2--46646},
  url          = {https://peer.asee.org/beyond-exhibits-exploring-bio-inspired-education-robots-in-museums-for-stem-enrichment.pdf},
  note         = {Acessado em 4 ago. 2025},
}

@incollection{cheung2024SummerLibraries,
  author       = {Cheung, Ho Ching and Cameron, David and Lucas, Alex and Prescott, Tony},
  title        = {Effects of Summer Robotics Activities in Libraries on Children’s Interest in Robotics and STEM Career},
  booktitle    = {Robotics in Education (RiE 2024), Lecture Notes in Networks and Systems, vol. 1084},
  editor       = {Editors Unknown},
  publisher    = {Springer, Cham},
  year         = {2024},
  pages        = {188--199},
  doi          = {10.1007/978-3-031-67059-6_17},
  note         = {Acessado em 4 ago. 2025},
}

@misc{informalscienceFramework2008,
  editor       = {Friedman, Alan J.},
  title        = {Framework for Evaluating Impacts of Informal Science Education Projects},
  howpublished = {Report},
  publisher    = {InformalScience.org / National Science Foundation},
  year         = {2008},
  url          = {https://informalscience.org/wp-content/uploads/2022/05/Eval_Framework.pdf},
  note         = {Acessado em 4 ago. 2025},
}

@misc{rennieKrishnamurthiInformalSTEM2025,
  author       = {Rennie, Leonie J. and Krishnamurthi, Annapurna},
  title        = {Informal STEM Education – What is it and What are its Goals},
  howpublished = {Briefing paper},
  publisher    = {Afterschool Alliance},
  year         = {2025},
  url          = {https://afterschoolalliance.org/documents/STEM/Rennie_Krishnamurthi.pdf},
  note         = {Acessado em 4 ago. 2025},
}

@article{unknownEducationalRoboticsAttitudes2023,
  author       = {Yilmaz, Muzaffer and others},
  title        = {The Effects of Educational Robotics Activities on Students’ Attitudes towards STEM and ICT Courses},
  journal      = {ResearchGate preprint},
  year         = {2023},
  url          = {https://www.researchgate.net/publication/370872865_The_effects_of_educational_robotics_activities_on_students'_attitudes_towards_STEM_and_ICT_courses},
  note         = {Acessado em 4 ago. 2025},
}

@misc{whalesbotRevolutionizingSTEM2025,
  author       = {{WhalesBot Education Technology Co.}},
  title        = {Revolutionizing STEM Education with WhalesBot: Empowering Students Through Robotics},
  howpublished = {Blog post},
  publisher    = {WhalesBot},
  year         = {2025},
  month        = feb,
  url          = {https://www.whalesbot.ai/blog/revolutionizing-stem-education-with-whalesbot-empowering-students-through-robotics},
  note         = {Acessado em 4 ago. 2025},
}

@article{almarzooq2025ImpactRoboticsSTEM,
  author       = {Almarzooq, Mohammed and others},
  title        = {The Impact of Robotics on STEM Education: Facilitating Cognitive and Interdisciplinary Advancements},
  journal      = {ResearchGate preprint},
  year         = {2025},
  url          = {https://www.researchgate.net/publication/381608218_The_impact_of_robotics_on_STEM_education_Facilitating_cognitive_and_interdisciplinary_advancements},
  note         = {Acessado em 4 ago. 2025},
}

@article{lim2024IntegratedSTEMRobotics,
  author       = {Lim, Lee Ling and others},
  title        = {Implementation of Integrated STEM Learning in Educational Robotics towards 21st Century Skills: A Systematic Review},
  journal      = {International Journal of Education and Practice},
  year         = {2024},
  volume       = {12},
  number       = {2},
  pages        = {189--210},
  publisher    = {ERIC},
  url          = {https://files.eric.ed.gov/fulltext/EJ1452798.pdf},
  note         = {Acessado em 4 ago. 2025},
}

@misc{behavioralHealthRoboticsAI2025,
  author       = {Smith, Jennifer},
  title        = {The Benefits of Robotics and AI for Children and Behavioral Health},
  howpublished = {Web article},
  publisher    = {Behavioral Health News},
  year         = {2025},
  month        = apr,
  url          = {https://behavioralhealthnews.org/the-benefits-of-robotics-and-ai-for-children-and-behavioral-health/},
  note         = {Acessado em 4 ago. 2025},
}

@misc{centrePointRoboticsGames2025,
  author       = {Centre Point School},
  title        = {Top Robotics Games for Kids: Learn Through Play},
  howpublished = {Blog post},
  publisher    = {Centre Point School},
  year         = {2025},
  month        = may,
  url          = {https://centrepointschools.com/blogs/robotics-games-for-kids-play-based-learning/},
  note         = {Acessado em 4 ago. 2025},
}

@misc{niryoEducationalRobotsSTEM2025,
  author       = {Niryo},
  title        = {Educational Robots for STEM},
  howpublished = {Web article},
  publisher    = {Niryo},
  year         = {2025},
  url          = {https://niryo.com/educational-robots-stem/},
  note         = {Acessado em 4 ago. 2025},
}

@misc{playtoLabsRoboticsKids2023,
  author       = {Playto Labs},
  title        = {Robotics for Kids: Complete Guide for Parents and Teachers},
  howpublished = {Blog post},
  publisher    = {Playto Labs},
  year         = {2023},
  url          = {https://www.playtolabs.com/blog/robotics-for-kids},
  note         = {Acessado em 4 ago. 2025},
}

@article{tiryaki2023StemRoboticCreativity,
  author       = {Tiryaki, B. and others},
  title        = {The Effect of STEM-Based Robotic Applications on the Creativity And Attitude of Students},
  journal      = {Journal of Science Learning},
  publisher    = {Universitas Pendidikan Indonesia},
  year         = {2023},
  url          = {https://ejournal.upi.edu/index.php/jslearning/article/view/94},
  note         = {Acessado em 4 ago. 2025},
}
