
@online{lee2025designing,
  author       = {Sarah Lee},
  title        = {Designing Engaging Interactive Exhibits},
  year         = {2025},
  month        = jul,
  day          = 12,
  howpublished = {\url{https://www.numberanalytics.com/blog/designing-engaging-interactive-exhibits}},
  note         = {Acesso em 4 de agosto de 2025},
  abstract     = {Explora princípios essenciais para criar exposições interativas cativantes, ressaltando a importância de conhecer o público‑alvo, evitar excesso de elementos visuais e utilizar tipografia coerente para melhorar a comunicação e engajamento.},
  doi          = {--},
}

@online{moulton_robotics,
  author       = {Tyler Moulton},
  title        = {10 Robotics Competitions for High School Students},
  year         = {2023},
  howpublished = {\url{https://www.veritasai.com/veritasaiblog/robotics-competitions-for-high-school-students}},
  note         = {Acesso em 4 de agosto de 2025},
  abstract     = {Lista competições de robótica para ensino médio com base em parâmetros como prestígio e habilidades desenvolvidas, como programação, liderança e trabalho em equipe.},
  doi          = {--},
}

@article{diciurcio2023robots,
  author       = {Ashley DiCiurcio},
  title        = {How Robots Are Helping Better K–12 Schools},
  journal      = {EdTech Magazine},
  year         = {2023},
  month        = aug,
  day          = 23,
  howpublished = {\url{https://edtechmagazine.com/k12/article/2023/08/how-robots-are-helping-better-k-12-schools}},
  note         = {Acesso em 4 de agosto de 2025},
  abstract     = {Reportagem que ilustra como robôs têm sido usados para automatizar tarefas em escolas K–12, como corte de grama e limpeza, tornando-se ferramentas educativas práticas em STEM.},
  doi          = {--},
}

@misc{serc2024,
  title        = {Southern Educational Robotics Conference},
  year         = {2024},
  month        = oct,
  howpublished = {\url{https://www.auburn.edu/cosam/events/2024/10/southern_educational_robotics_conference.htm}},
  note         = {Evento realizado na Auburn University; acesso em 4 de agosto de 2025},
  abstract     = {Conferência promovida em outubro de 2024 na Auburn University voltada à robótica educacional, focada em colaborações e aprendizagem em ambientes acadêmicos.},
  doi          = {--},
}

@online{roboshop2025education,
  title        = {Robotics Education},
  year         = {2025},
  howpublished = {\url{https://www.robotshop.com/collections/robotics-education}},
  note         = {Acesso em 4 de agosto de 2025},
  abstract     = {Página da RobotShop que apresenta uma coleção de produtos voltada à educação em robótica, incluindo kits e materiais para aprendizado prático em STEM.},
  doi          = {--},
}

@online{instructables2025robotfriends,
  author       = {LanceMakes},
  title        = {Robot Friends – Easy Robot STEM Project for Kids},
  year         = {2025},
  month        = may,
  howpublished = {\url{https://www.instructables.com/Robot-Friends-Easy-Robot-STEM-Project-for-Kids/}},
  note         = {Acesso em 4 de agosto de 2025},
  abstract     = {Projeto extremamente simples voltado para crianças, que explica como construir um "amigo robô" usando componentes básicos (como motor, pilhas, rodas e itens de artesanato) para executar tarefas simples e divertidas, introduzindo conceitos fundamentais de robótica de forma criativa e acessível.},
  doi          = {--},
}

@article{nugent2010impact,
  author       = {Gwen Nugent and Bradley Barker and Neal Grandgenett and Viacheslav I. Adamchuk},
  title        = {Impact of Robotics and Geospatial Technology Interventions on Youth STEM Learning and Attitudes},
  journal      = {Journal of Research on Technology in Education},
  volume       = {42},
  number       = {4},
  pages        = {391--408},
  year         = {2010},
  doi          = {--},
  note         = {Acesso em 4 de agosto de 2025},
  abstract     = {Estudo sobre a influência de intervenções de robótica e tecnologias geoespaciais em jovens do ensino fundamental: um acampamento intensivo de 40 h melhorou significativamente o aprendizado em STEM, enquanto uma intervenção curta de 3 h teve maior impacto nas atitudes e motivação dos participantes.},
}

@misc{4events2025straumann,
  title        = {Straumann Scientific Meeting – Curitiba, PR},
  year         = {2025},
  howpublished = {\url{https://lets.4.events/straumann-scientific-meeting-curitiba-%7C-pr-C21136E410}},
  note         = {Evento em Curitiba – PR; acesso em 4 de agosto de 2025},
  abstract     = {Reunião científica da Straumann realizada em Curitiba, Paraná, em data não especificada no site, provavelmente destinada a profissionais e pesquisadores da área odontológica e científica, com foco em tecnologias e inovações da empresa.},
  doi          = {--},
}
