
@article{trapero2024didactic,
  author       = {Irene Trapero-Gonz{'a}lez and Francisco Javier Hinojo-Lucena and Jos{'e}-Mar{'i}a Romero-Rodr{'i}guez and Alejandro Mart{'\i}nez-Men{'e}ndez},
  title        = {Didactic impact of educational robotics on the development of STEM competence in primary education: a systematic review and meta-analysis},
  journal      = {Frontiers in Education},
  volume       = {9},
  year         = {2024},
  doi          = {10.3389/feduc.2024.1480908},
  url          = {https://www.frontiersin.org/journals/education/articles/10.3389/feduc.2024.1480908/full},
  abstract     = {Revisão sistemática e meta-análise que mostra um efeito moderado da robótica educacional no desenvolvimento de competências STEM no ensino fundamental, destacando a necessidade de um referencial didático para orientar seu uso nas escolas.},
}

@online{acf2021innovative,
  title        = {Innovative Approaches – Keeping Youth Engaged Between Follow‑up Data Collection Periods},
  year         = {2021},
  month        = may,
  day          = 18,
  howpublished = {\url{https://acf.gov/fysb/success-story/success-story/innovative-approaches-keeping-youth-engaged-between-follow-up-data}},
  note         = {Acesso em 4 de agosto de 2025},
  abstract     = {Caso de sucesso da Administração para Crianças e Famílias dos EUA (ACF) que descreve abordagens inovadoras para manter jovens engajados entre os períodos de coleta de dados de acompanhamento.},
}

@misc{assessingexhibits,
  title        = {Assessing Exhibits for Learning in Science Centers: A Practical Tool},
  howpublished = {\url{https://www.researchgate.net/publication/233338902_Assessing_Exhibits_for_Learning_in_Science_Centers_A_Practical_Tool}},
  note         = {Acesso em 4 de agosto de 2025},
  abstract     = {Ferramenta prática apresentada em publicação acadêmica para avaliar a eficácia de exposições em centros de ciência no processo de aprendizagem dos visitantes.},
}

@online{tpt2025steminterest,
  title        = {STEM Interest Survey},
  year         = {2025},
  howpublished = {\url{https://www.teacherspayteachers.com/browse?search=stem%20interest%20survey}},
  note         = {Acesso em 4 de agosto de 2025},
  abstract     = {Página da plataforma Teachers Pay Teachers com instrumentos para avaliar o interesse de estudantes por áreas STEM, útil para professores do ensino fundamental e médio.},
}

@online{instructables2025firstoutreach,
  title        = {FIRST Teams Guide to Effective Outreach: 8 Steps},
  year         = {2025},
  howpublished = {\url{https://www.instructables.com/FIRST-Teams-Guide-to-Effective-Outreach/}},
  note         = {Acesso em 4 de agosto de 2025},
  abstract     = {Guia passo a passo para equipes FIRST (robótica) realizarem ações de divulgação eficazes, com foco em construção de comunidade e envolvimento público.},
}

@online{wsu2025_4hrobotics,
  title        = {4‑H Robotics Project | Yakima County – WSU Extension},
  year         = {2025},
  howpublished = {\url{https://extension.wsu.edu/yakima/4-h/projects-programs/projects-and-programs-resource-library/engineering-technology/robotics/}},
  note         = {Acesso em 4 de agosto de 2025},
  abstract     = {Descrição de projeto de robótica do programa 4‑H na região de Yakima (Washington State University Extension), com foco em envolvimento juvenil e aprendizagem prática em tecnologia.},
}

@article{americanscientist2025childrobot,
  author       = {---},
  title        = {Child‑Robot Interaction},
  journal      = {American Scientist},
  year         = {2025},
  howpublished = {\url{https://www.americanscientist.org/article/child-robot-interaction}},
  note         = {Acesso em 4 de agosto de 2025},
  abstract     = {Artigo que aborda a interação entre crianças e robôs, discutindo aspectos cognitivos, emocionais e educativos observados em estudos recentes.},
}

@online{jetlearn2025ethics,
  title        = {The Importance of Ethics in Robotics: Teaching Kids Right from Wrong},
  year         = {2025},
  howpublished = {\url{https://www.jetlearn.com/blog/importance-of-ethics-in-robotics}},
  note         = {Acesso em 4 de agosto de 2025},
  abstract     = {Postagem no blog da JetLearn que enfatiza a importância de ensinar ética em robótica para crianças, incentivando reflexões sobre responsabilidade, justiça e uso consciente da tecnologia.},
}

@online{unesco2025ethicsai,
  title        = {Ethics of Artificial Intelligence},
  organization = {UNESCO},
  year         = {2025},
  howpublished = {\url{https://www.unesco.org/en/artificial-intelligence/recommendation-ethics}},
  note         = {Acesso em 4 de agosto de 2025},
  abstract     = {Recomendação da UNESCO sobre ética na inteligência artificial, abordando princípios como equidade, transparência e responsabilidade na era da IA.},
}

@misc{researchgate2025aiinterfaced,
  title        = {Using Artificial Intelligence (AI)‑interfaced robotic toys in early childhood settings: a case for children's inquiry literacy},
  howpublished = {\url{https://www.researchgate.net/publication/355140889_Using_Artificial_Intelligence_AI-interfaced_robotic_toys_in_early_childhood_settings_a_case_for_children's_inquiry_literacy}},
  note         = {Acesso em 4 de agosto de 2025},
  abstract     = {Exploração do uso de brinquedos robóticos com interface de IA em contextos de educação infantil, com foco no desenvolvimento da competência investigativa e literacia científica das crianças.},
}
